%YAML 1.1
%TAG !u! tag:unity3d.com,2011:
--- !u!29 &1
OcclusionCullingSettings:
  m_ObjectHideFlags: 0
  serializedVersion: 2
  m_OcclusionBakeSettings:
    smallestOccluder: 5
    smallestHole: 0.25
    backfaceThreshold: 100
  m_SceneGUID: 00000000000000000000000000000000
  m_OcclusionCullingData: {fileID: 0}
--- !u!104 &2
RenderSettings:
  m_ObjectHideFlags: 0
  serializedVersion: 9
  m_Fog: 1
  m_FogColor: {r: 0.3207547, g: 0.06666667, b: 0, a: 1}
  m_FogMode: 3
  m_FogDensity: 0.01
  m_LinearFogStart: 0
  m_LinearFogEnd: 300
  m_AmbientSkyColor: {r: 0.212, g: 0.227, b: 0.259, a: 1}
  m_AmbientEquatorColor: {r: 0.114, g: 0.125, b: 0.133, a: 1}
  m_AmbientGroundColor: {r: 0.047, g: 0.043, b: 0.035, a: 1}
  m_AmbientIntensity: 1
  m_AmbientMode: 0
  m_SubtractiveShadowColor: {r: 0.13296545, g: 0.19145328, b: 0.33962262, a: 1}
  m_SkyboxMaterial: {fileID: 2100000, guid: 0ffaa0b7117ba8c47a9d05ae701d4b4d, type: 2}
  m_HaloStrength: 0.5
  m_FlareStrength: 1
  m_FlareFadeSpeed: 3
  m_HaloTexture: {fileID: 0}
  m_SpotCookie: {fileID: 10001, guid: 0000000000000000e000000000000000, type: 0}
  m_DefaultReflectionMode: 0
  m_DefaultReflectionResolution: 128
  m_ReflectionBounces: 1
  m_ReflectionIntensity: 1
  m_CustomReflection: {fileID: 0}
  m_Sun: {fileID: 2138677392}
  m_IndirectSpecularColor: {r: 0.3106311, g: 0.15741435, b: 0.05357726, a: 1}
  m_UseRadianceAmbientProbe: 0
--- !u!157 &3
LightmapSettings:
  m_ObjectHideFlags: 0
  serializedVersion: 11
  m_GIWorkflowMode: 0
  m_GISettings:
    serializedVersion: 2
    m_BounceScale: 1
    m_IndirectOutputScale: 1
    m_AlbedoBoost: 1
    m_EnvironmentLightingMode: 1
    m_EnableBakedLightmaps: 1
    m_EnableRealtimeLightmaps: 0
  m_LightmapEditorSettings:
    serializedVersion: 10
    m_Resolution: 2
    m_BakeResolution: 32
    m_AtlasSize: 512
    m_AO: 1
    m_AOMaxDistance: 1
    m_CompAOExponent: 1
    m_CompAOExponentDirect: 0.3
    m_Padding: 2
    m_LightmapParameters: {fileID: 0}
    m_LightmapsBakeMode: 0
    m_TextureCompression: 1
    m_FinalGather: 0
    m_FinalGatherFiltering: 1
    m_FinalGatherRayCount: 256
    m_ReflectionCompression: 2
    m_MixedBakeMode: 1
    m_BakeBackend: 1
    m_PVRSampling: 1
    m_PVRDirectSampleCount: 32
    m_PVRSampleCount: 256
    m_PVRBounces: 2
    m_PVRFilterTypeDirect: 0
    m_PVRFilterTypeIndirect: 0
    m_PVRFilterTypeAO: 0
    m_PVRFilteringMode: 1
    m_PVRCulling: 1
    m_PVRFilteringGaussRadiusDirect: 1
    m_PVRFilteringGaussRadiusIndirect: 5
    m_PVRFilteringGaussRadiusAO: 2
    m_PVRFilteringAtrousPositionSigmaDirect: 0.5
    m_PVRFilteringAtrousPositionSigmaIndirect: 2
    m_PVRFilteringAtrousPositionSigmaAO: 1
    m_ShowResolutionOverlay: 1
  m_LightingDataAsset: {fileID: 0}
  m_UseShadowmask: 0
--- !u!196 &4
NavMeshSettings:
  serializedVersion: 2
  m_ObjectHideFlags: 0
  m_BuildSettings:
    serializedVersion: 2
    agentTypeID: 0
    agentRadius: 0.5
    agentHeight: 2
    agentSlope: 45
    agentClimb: 0.4
    ledgeDropHeight: 0
    maxJumpAcrossDistance: 0
    minRegionArea: 2
    manualCellSize: 0
    cellSize: 0.16666667
    manualTileSize: 0
    tileSize: 256
    accuratePlacement: 0
    debug:
      m_Flags: 0
  m_NavMeshData: {fileID: 0}
--- !u!1 &331092781
GameObject:
  m_ObjectHideFlags: 0
  m_CorrespondingSourceObject: {fileID: 0}
  m_PrefabInstance: {fileID: 0}
  m_PrefabAsset: {fileID: 0}
  serializedVersion: 6
  m_Component:
  - component: {fileID: 331092782}
  m_Layer: 0
  m_Name: GameObject
  m_TagString: Untagged
  m_Icon: {fileID: 0}
  m_NavMeshLayer: 0
  m_StaticEditorFlags: 0
  m_IsActive: 1
--- !u!4 &331092782
Transform:
  m_ObjectHideFlags: 0
  m_CorrespondingSourceObject: {fileID: 0}
  m_PrefabInstance: {fileID: 0}
  m_PrefabAsset: {fileID: 0}
  m_GameObject: {fileID: 331092781}
  m_LocalRotation: {x: 0, y: 0, z: 0, w: 1}
  m_LocalPosition: {x: 0, y: 0, z: 0}
  m_LocalScale: {x: 1, y: 1, z: 1}
  m_Children: []
  m_Father: {fileID: 1304305123}
  m_RootOrder: 1
  m_LocalEulerAnglesHint: {x: 0, y: 0, z: 0}
--- !u!1 &378048771 stripped
GameObject:
  m_CorrespondingSourceObject: {fileID: 5843706151081954147, guid: bb1301fcf39232240a4da917437922b3,
    type: 3}
  m_PrefabInstance: {fileID: 1905452974}
  m_PrefabAsset: {fileID: 0}
--- !u!95 &378048775
Animator:
  serializedVersion: 3
  m_ObjectHideFlags: 0
  m_CorrespondingSourceObject: {fileID: 0}
  m_PrefabInstance: {fileID: 0}
  m_PrefabAsset: {fileID: 0}
  m_GameObject: {fileID: 378048771}
  m_Enabled: 1
  m_Avatar: {fileID: 0}
  m_Controller: {fileID: 9100000, guid: aa2dcceaa097f7a4fb38aff6b2fe7241, type: 2}
  m_CullingMode: 0
  m_UpdateMode: 0
  m_ApplyRootMotion: 0
  m_LinearVelocityBlending: 0
  m_WarningMessage: 
  m_HasTransformHierarchy: 1
  m_AllowConstantClipSamplingOptimization: 1
  m_KeepAnimatorControllerStateOnDisable: 0
--- !u!1 &766333378
GameObject:
  m_ObjectHideFlags: 0
  m_CorrespondingSourceObject: {fileID: 1639467064323808, guid: 831f7474a5c14654a9e30be0a073c2a8,
    type: 2}
  m_PrefabInstance: {fileID: 0}
  m_PrefabAsset: {fileID: 0}
  serializedVersion: 6
  m_Component:
  - component: {fileID: 766333379}
  - component: {fileID: 766333380}
  m_Layer: 0
  m_Name: Light Probe Group
  m_TagString: Untagged
  m_Icon: {fileID: 0}
  m_NavMeshLayer: 0
  m_StaticEditorFlags: 0
  m_IsActive: 1
--- !u!4 &766333379
Transform:
  m_ObjectHideFlags: 0
  m_CorrespondingSourceObject: {fileID: 4676111292229452, guid: 831f7474a5c14654a9e30be0a073c2a8,
    type: 2}
  m_PrefabInstance: {fileID: 0}
  m_PrefabAsset: {fileID: 0}
  m_GameObject: {fileID: 766333378}
  m_LocalRotation: {x: -0, y: -1, z: 0, w: 0}
  m_LocalPosition: {x: 0, y: 0, z: 5}
  m_LocalScale: {x: 1, y: 1, z: 1}
  m_Children: []
  m_Father: {fileID: 0}
  m_RootOrder: 3
  m_LocalEulerAnglesHint: {x: 0, y: 0, z: 0}
--- !u!220 &766333380
LightProbeGroup:
  m_ObjectHideFlags: 0
  m_CorrespondingSourceObject: {fileID: 220269653436403174, guid: 831f7474a5c14654a9e30be0a073c2a8,
    type: 2}
  m_PrefabInstance: {fileID: 0}
  m_PrefabAsset: {fileID: 0}
  m_GameObject: {fileID: 766333378}
  m_Enabled: 1
  m_SourcePositions:
  - {x: 3.105528, y: 0.16895413, z: 2.4095447}
  - {x: 3.0649188, y: 0.16895413, z: 0.88884413}
  - {x: -1.0584239, y: 1.1217368, z: 2.7403114}
  - {x: -1.7438574, y: 0.16895413, z: -1.2226346}
  - {x: 2.1004357, y: 0.16895413, z: 0.8648969}
  - {x: -1.7078182, y: 0.8534832, z: 2.3771396}
  - {x: -1.7438574, y: 0.16895413, z: -0.26830465}
  - {x: 1.7247949, y: 0.16895413, z: 0.11532086}
  - {x: 1.7499919, y: 0.16895413, z: -0.26830465}
  - {x: 1.7247949, y: 0.16895413, z: -1.2226346}
  - {x: -0.49640164, y: 0.16895413, z: -0.26830453}
  - {x: 1.7247949, y: 0.16895413, z: 0.11532086}
  - {x: 1.7247949, y: 0.16895413, z: 5.6481705}
  - {x: 1.7247949, y: 0.16895413, z: 5.6481705}
  - {x: 1.7247949, y: 0.16895413, z: 5.6481705}
  - {x: 1.7247949, y: 0.16895413, z: 5.6481705}
  - {x: 1.7247949, y: 0.16895413, z: 5.6481705}
  - {x: 1.7247949, y: 0.16895413, z: 5.6481705}
  - {x: 1.7247949, y: 0.16895413, z: 5.6481705}
  - {x: 1.7247949, y: 0.16895413, z: 5.6481705}
  - {x: 3.105528, y: 2.137173, z: 2.4095447}
  - {x: 3.0649185, y: 0.6519439, z: 2.0175197}
  - {x: 0.23031196, y: 2.137173, z: 5.6481705}
  - {x: -1.7438574, y: 2.137173, z: -1.2226346}
  - {x: 2.1004357, y: 0.6519439, z: 1.9935725}
  - {x: -1.7438574, y: 2.137173, z: 2.0342152}
  - {x: -1.7438574, y: 2.137173, z: -0.26830465}
  - {x: 1.7247949, y: 2.137173, z: 0.11532086}
  - {x: 1.7499919, y: 2.137173, z: -0.26830465}
  - {x: 1.7247949, y: 2.137173, z: -1.2226346}
  - {x: -0.6874457, y: 2.137173, z: 2.4426017}
  - {x: -0.49640164, y: 2.137173, z: -0.26830453}
  - {x: 1.7247949, y: 2.137173, z: 0.11532086}
  - {x: 1.7247949, y: 2.137173, z: 5.6481705}
  - {x: 1.7247949, y: 2.137173, z: 5.6481705}
  - {x: 1.7247949, y: 2.137173, z: 5.6481705}
  - {x: 1.7247949, y: 2.137173, z: 5.6481705}
  - {x: 1.7247949, y: 2.137173, z: 5.6481705}
  - {x: 1.7247949, y: 2.137173, z: 5.6481705}
  - {x: 1.7247949, y: 2.137173, z: 5.6481705}
  - {x: 1.7247949, y: 2.137173, z: 5.6481705}
  - {x: 3.0649188, y: 0.16895413, z: 0.88884413}
  - {x: 3.0649185, y: 0.6519439, z: 2.0175197}
  - {x: 3.0649188, y: 0.16895413, z: -1.2226346}
  - {x: 3.0649188, y: 2.137173, z: -1.2226346}
  - {x: 3.0649188, y: 0.16895413, z: -1.2226346}
  - {x: 3.0649188, y: 2.137173, z: -1.2226346}
  - {x: -0.49640164, y: 0.16895413, z: 0.11532098}
  - {x: -0.49640164, y: 2.137173, z: 0.11532098}
  - {x: 2.1137934, y: 0.16895413, z: 2.0019345}
  - {x: 2.1137934, y: 2.137173, z: 2.0019345}
  - {x: -1.7438574, y: 0.16895413, z: 0.11532086}
  - {x: -1.7438574, y: 2.137173, z: 0.11532086}
  - {x: 1.054212, y: 0.16895413, z: 2.411922}
  - {x: 1.054212, y: 2.137173, z: 2.411922}
  - {x: 0.3626945, y: 0.16895413, z: 2.0019345}
  - {x: 0.3626945, y: 2.137173, z: 2.0019345}
  - {x: -1.4774848, y: 0.8719945, z: 3.0514278}
  - {x: -1.7438574, y: 2.137173, z: 5.6481705}
  - {x: -1.0676951, y: 0.16895413, z: 2.9097056}
  - {x: -0.7975282, y: 0.56283283, z: 3.0660741}
  - {x: -1.7438574, y: 0.16895413, z: 5.6481705}
  - {x: 0.23031196, y: 0.16895413, z: 5.6481705}
  - {x: -0.6072879, y: 0.16895413, z: 3.256002}
  - {x: -1.2600472, y: 0.51661086, z: 2.7751446}
  - {x: -1.7438574, y: 0.16895413, z: 2.0342152}
  - {x: 3.105528, y: 0.16895413, z: 5.6481705}
  - {x: 3.105528, y: 2.137173, z: 5.6481705}
  - {x: 2.1004357, y: 0.16895413, z: 0.08172482}
  - {x: 3.0649188, y: 0.16895413, z: 0.10567212}
  - {x: 3.0649188, y: 0.16895413, z: 0.10567212}
  - {x: 3.0649188, y: 2.137173, z: 0.10567212}
  - {x: 3.0649188, y: 2.137173, z: 0.10567212}
  - {x: 2.1004357, y: 2.137173, z: 0.08172482}
  - {x: 3.0649188, y: 2.137173, z: 0.88884413}
  - {x: 2.1004357, y: 2.137173, z: 0.8648969}
  - {x: 3.0649188, y: 2.137173, z: 0.88884413}
  - {x: 3.0649188, y: 0.6519439, z: 0.88884413}
  - {x: 2.1004357, y: 0.6519439, z: 0.8648969}
  - {x: 3.0649188, y: 0.6519439, z: 0.88884413}
  - {x: 3.0649188, y: 0.6519439, z: 1.3790772}
  - {x: 2.1004357, y: 0.6519439, z: 1.35513}
  - {x: -1.7438573, y: 2.137173, z: 1.3957727}
  - {x: 3.0649188, y: 0.6519439, z: 1.3790772}
  - {x: 2.1137934, y: 0.16895413, z: 1.363492}
  - {x: 2.1137934, y: 2.137173, z: 1.363492}
  - {x: 0.36269462, y: 0.16895413, z: 1.363492}
  - {x: 0.36269462, y: 2.137173, z: 1.363492}
  - {x: -1.7438573, y: 0.16895413, z: 1.3957727}
  - {x: 3.0649185, y: 1.0357099, z: 2.0175197}
  - {x: 2.1004357, y: 1.0357099, z: 1.9935725}
  - {x: 3.0649185, y: 1.0357099, z: 2.0175197}
  - {x: 3.0649188, y: 1.0357099, z: 0.88884413}
  - {x: 2.1004357, y: 1.0357099, z: 0.8648969}
  - {x: 3.0649188, y: 1.0357099, z: 0.88884413}
  - {x: 3.0649188, y: 1.0357099, z: 1.3790772}
  - {x: 2.1004357, y: 1.0357099, z: 1.35513}
  - {x: 3.0649188, y: 1.0357099, z: 1.3790772}
  - {x: 3.0649185, y: 1.6615444, z: 2.0175197}
  - {x: 2.1004357, y: 1.6615444, z: 1.9935725}
  - {x: 3.0649185, y: 1.6615444, z: 2.0175197}
  - {x: 3.0649188, y: 1.6615444, z: 0.88884413}
  - {x: 2.1004357, y: 1.6615444, z: 0.8648969}
  - {x: 3.0649188, y: 1.6615444, z: 0.88884413}
  - {x: 3.0649188, y: 1.6615444, z: 1.3790772}
  - {x: 2.1004357, y: 1.6615444, z: 1.35513}
  - {x: 3.0649188, y: 1.6615444, z: 1.3790772}
  - {x: -1.4713501, y: 0.63955027, z: 2.5137973}
  - {x: -0.68649423, y: 0.51661086, z: 2.327536}
  - {x: -0.9939829, y: 0.51661086, z: 2.6226454}
  - {x: 1.7247949, y: 0.16895413, z: 3.6209083}
  - {x: 1.7247949, y: 0.16895413, z: 3.6209083}
  - {x: 1.7247949, y: 0.16895413, z: 3.6209083}
  - {x: 1.7247949, y: 0.16895413, z: 3.6209083}
  - {x: 1.7247949, y: 0.16895413, z: 3.6209083}
  - {x: 1.7247949, y: 0.16895413, z: 3.6209083}
  - {x: 1.7247949, y: 0.16895413, z: 3.6209083}
  - {x: 1.7247949, y: 0.16895413, z: 3.6209083}
  - {x: 0.23031196, y: 2.137173, z: 3.6209083}
  - {x: 1.7247949, y: 2.137173, z: 3.6209083}
  - {x: 1.7247949, y: 2.137173, z: 3.6209083}
  - {x: 1.7247949, y: 2.137173, z: 3.6209083}
  - {x: 1.7247949, y: 2.137173, z: 3.6209083}
  - {x: 1.7247949, y: 2.137173, z: 3.6209083}
  - {x: 1.7247949, y: 2.137173, z: 3.6209083}
  - {x: 1.7247949, y: 2.137173, z: 3.6209083}
  - {x: 1.7247949, y: 2.137173, z: 3.6209083}
  - {x: -1.7438574, y: 2.137173, z: 3.6209083}
  - {x: -1.7438574, y: 0.16895413, z: 3.6209083}
  - {x: 0.23031196, y: 0.16895413, z: 3.6209083}
  - {x: 3.105528, y: 0.16895413, z: 3.6209083}
  - {x: 3.105528, y: 2.137173, z: 3.6209083}
  - {x: -1.3810283, y: 0.51661086, z: 2.9244456}
  - {x: -0.8738291, y: 0.51661086, z: 2.5225298}
  m_Dering: 0
--- !u!1 &820329746
GameObject:
  m_ObjectHideFlags: 0
  m_CorrespondingSourceObject: {fileID: 0}
  m_PrefabInstance: {fileID: 0}
  m_PrefabAsset: {fileID: 0}
  serializedVersion: 6
  m_Component:
  - component: {fileID: 820329750}
  - component: {fileID: 820329749}
  - component: {fileID: 820329748}
  - component: {fileID: 820329747}
  m_Layer: 5
  m_Name: Canvas
  m_TagString: Untagged
  m_Icon: {fileID: 0}
  m_NavMeshLayer: 0
  m_StaticEditorFlags: 0
  m_IsActive: 1
--- !u!114 &820329747
MonoBehaviour:
  m_ObjectHideFlags: 0
  m_CorrespondingSourceObject: {fileID: 0}
  m_PrefabInstance: {fileID: 0}
  m_PrefabAsset: {fileID: 0}
  m_GameObject: {fileID: 820329746}
  m_Enabled: 1
  m_EditorHideFlags: 0
  m_Script: {fileID: 1301386320, guid: f70555f144d8491a825f0804e09c671c, type: 3}
  m_Name: 
  m_EditorClassIdentifier: 
  m_IgnoreReversedGraphics: 1
  m_BlockingObjects: 0
  m_BlockingMask:
    serializedVersion: 2
    m_Bits: 4294967295
--- !u!114 &820329748
MonoBehaviour:
  m_ObjectHideFlags: 0
  m_CorrespondingSourceObject: {fileID: 0}
  m_PrefabInstance: {fileID: 0}
  m_PrefabAsset: {fileID: 0}
  m_GameObject: {fileID: 820329746}
  m_Enabled: 1
  m_EditorHideFlags: 0
  m_Script: {fileID: 1980459831, guid: f70555f144d8491a825f0804e09c671c, type: 3}
  m_Name: 
  m_EditorClassIdentifier: 
  m_UiScaleMode: 1
  m_ReferencePixelsPerUnit: 100
  m_ScaleFactor: 1
  m_ReferenceResolution: {x: 1920, y: 1080}
  m_ScreenMatchMode: 0
  m_MatchWidthOrHeight: 0
  m_PhysicalUnit: 3
  m_FallbackScreenDPI: 96
  m_DefaultSpriteDPI: 96
  m_DynamicPixelsPerUnit: 1
--- !u!223 &820329749
Canvas:
  m_ObjectHideFlags: 0
  m_CorrespondingSourceObject: {fileID: 0}
  m_PrefabInstance: {fileID: 0}
  m_PrefabAsset: {fileID: 0}
  m_GameObject: {fileID: 820329746}
  m_Enabled: 1
  serializedVersion: 3
  m_RenderMode: 0
  m_Camera: {fileID: 0}
  m_PlaneDistance: 100
  m_PixelPerfect: 0
  m_ReceivesEvents: 1
  m_OverrideSorting: 0
  m_OverridePixelPerfect: 0
  m_SortingBucketNormalizedSize: 0
  m_AdditionalShaderChannelsFlag: 0
  m_SortingLayerID: 0
  m_SortingOrder: 0
  m_TargetDisplay: 0
--- !u!224 &820329750
RectTransform:
  m_ObjectHideFlags: 0
  m_CorrespondingSourceObject: {fileID: 0}
  m_PrefabInstance: {fileID: 0}
  m_PrefabAsset: {fileID: 0}
  m_GameObject: {fileID: 820329746}
  m_LocalRotation: {x: 0, y: 0, z: 0, w: 1}
  m_LocalPosition: {x: 0, y: 0, z: 0}
  m_LocalScale: {x: 0, y: 0, z: 0}
  m_Children:
  - {fileID: 1596029591}
  m_Father: {fileID: 0}
  m_RootOrder: 8
  m_LocalEulerAnglesHint: {x: 0, y: 0, z: 0}
  m_AnchorMin: {x: 0, y: 0}
  m_AnchorMax: {x: 0, y: 0}
  m_AnchoredPosition: {x: 0, y: 0}
  m_SizeDelta: {x: 0, y: 0}
  m_Pivot: {x: 0, y: 0}
--- !u!1 &901162044
GameObject:
  m_ObjectHideFlags: 0
  m_CorrespondingSourceObject: {fileID: 0}
  m_PrefabInstance: {fileID: 0}
  m_PrefabAsset: {fileID: 0}
  serializedVersion: 6
  m_Component:
  - component: {fileID: 901162045}
  - component: {fileID: 901162047}
  - component: {fileID: 901162046}
  - component: {fileID: 901162049}
  - component: {fileID: 901162048}
  - component: {fileID: 901162050}
  m_Layer: 5
  m_Name: TitleText
  m_TagString: Untagged
  m_Icon: {fileID: 0}
  m_NavMeshLayer: 0
  m_StaticEditorFlags: 0
  m_IsActive: 1
--- !u!224 &901162045
RectTransform:
  m_ObjectHideFlags: 0
  m_CorrespondingSourceObject: {fileID: 0}
  m_PrefabInstance: {fileID: 0}
  m_PrefabAsset: {fileID: 0}
  m_GameObject: {fileID: 901162044}
  m_LocalRotation: {x: -0, y: -0, z: -0, w: 1}
  m_LocalPosition: {x: 0, y: 0, z: -426.5}
  m_LocalScale: {x: 0.54405415, y: 0.54405415, z: 0.54405415}
  m_Children: []
  m_Father: {fileID: 1222079188}
  m_RootOrder: 0
  m_LocalEulerAnglesHint: {x: 0, y: 0, z: 0}
  m_AnchorMin: {x: 0.5, y: 0.5}
  m_AnchorMax: {x: 0.5, y: 0.5}
  m_AnchoredPosition: {x: 0, y: 42.3}
  m_SizeDelta: {x: 160, y: 30}
  m_Pivot: {x: 0.5, y: 0.5}
--- !u!114 &901162046
MonoBehaviour:
  m_ObjectHideFlags: 0
  m_CorrespondingSourceObject: {fileID: 0}
  m_PrefabInstance: {fileID: 0}
  m_PrefabAsset: {fileID: 0}
  m_GameObject: {fileID: 901162044}
  m_Enabled: 1
  m_EditorHideFlags: 0
  m_Script: {fileID: 708705254, guid: f70555f144d8491a825f0804e09c671c, type: 3}
  m_Name: 
  m_EditorClassIdentifier: 
  m_Material: {fileID: 0}
  m_Color: {r: 1, g: 0, b: 0.061771393, a: 1}
  m_RaycastTarget: 0
  m_OnCullStateChanged:
    m_PersistentCalls:
      m_Calls: []
    m_TypeName: UnityEngine.UI.MaskableGraphic+CullStateChangedEvent, UnityEngine.UI,
      Version=1.0.0.0, Culture=neutral, PublicKeyToken=null
  m_FontData:
    m_Font: {fileID: 12800000, guid: 12379db18b02e9e40b785894c94bff03, type: 3}
    m_FontSize: 300
    m_FontStyle: 0
    m_BestFit: 0
    m_MinSize: 10
    m_MaxSize: 300
    m_Alignment: 4
    m_AlignByGeometry: 0
    m_RichText: 1
    m_HorizontalOverflow: 1
    m_VerticalOverflow: 1
    m_LineSpacing: 1
  m_Text: WARRIOR
--- !u!222 &901162047
CanvasRenderer:
  m_ObjectHideFlags: 0
  m_CorrespondingSourceObject: {fileID: 0}
  m_PrefabInstance: {fileID: 0}
  m_PrefabAsset: {fileID: 0}
  m_GameObject: {fileID: 901162044}
  m_CullTransparentMesh: 0
--- !u!114 &901162048
MonoBehaviour:
  m_ObjectHideFlags: 0
  m_CorrespondingSourceObject: {fileID: 0}
  m_PrefabInstance: {fileID: 0}
  m_PrefabAsset: {fileID: 0}
  m_GameObject: {fileID: 901162044}
  m_Enabled: 1
  m_EditorHideFlags: 0
  m_Script: {fileID: 1573420865, guid: f70555f144d8491a825f0804e09c671c, type: 3}
  m_Name: 
  m_EditorClassIdentifier: 
  m_EffectColor: {r: 0, g: 0, b: 0, a: 0.5}
  m_EffectDistance: {x: 0, y: -5.4}
  m_UseGraphicAlpha: 1
--- !u!114 &901162049
MonoBehaviour:
  m_ObjectHideFlags: 0
  m_CorrespondingSourceObject: {fileID: 0}
  m_PrefabInstance: {fileID: 0}
  m_PrefabAsset: {fileID: 0}
  m_GameObject: {fileID: 901162044}
  m_Enabled: 1
  m_EditorHideFlags: 0
  m_Script: {fileID: -900027084, guid: f70555f144d8491a825f0804e09c671c, type: 3}
  m_Name: 
  m_EditorClassIdentifier: 
  m_EffectColor: {r: 1, g: 1, b: 1, a: 1}
  m_EffectDistance: {x: 3, y: -3}
  m_UseGraphicAlpha: 1
--- !u!114 &901162050
MonoBehaviour:
  m_ObjectHideFlags: 0
  m_CorrespondingSourceObject: {fileID: 0}
  m_PrefabInstance: {fileID: 0}
  m_PrefabAsset: {fileID: 0}
  m_GameObject: {fileID: 901162044}
  m_Enabled: 1
  m_EditorHideFlags: 0
  m_Script: {fileID: 1573420865, guid: f70555f144d8491a825f0804e09c671c, type: 3}
  m_Name: 
  m_EditorClassIdentifier: 
  m_EffectColor: {r: 0, g: 0, b: 0, a: 0.5}
  m_EffectDistance: {x: 13.92, y: -1.78}
  m_UseGraphicAlpha: 1
--- !u!1001 &902082156
PrefabInstance:
  m_ObjectHideFlags: 0
  serializedVersion: 2
  m_Modification:
    m_TransformParent: {fileID: 0}
    m_Modifications:
    - target: {fileID: 1922466460386273097, guid: 4e8ebb82fa842e146b9c6cfd07fd5666,
        type: 3}
      propertyPath: m_Name
      value: Environment (1)
      objectReference: {fileID: 0}
    - target: {fileID: 1922466460386273110, guid: 4e8ebb82fa842e146b9c6cfd07fd5666,
        type: 3}
      propertyPath: m_LocalPosition.x
      value: 0
      objectReference: {fileID: 0}
    - target: {fileID: 1922466460386273110, guid: 4e8ebb82fa842e146b9c6cfd07fd5666,
        type: 3}
      propertyPath: m_LocalPosition.y
      value: -2.177279
      objectReference: {fileID: 0}
    - target: {fileID: 1922466460386273110, guid: 4e8ebb82fa842e146b9c6cfd07fd5666,
        type: 3}
      propertyPath: m_LocalPosition.z
      value: 1.37
      objectReference: {fileID: 0}
    - target: {fileID: 1922466460386273110, guid: 4e8ebb82fa842e146b9c6cfd07fd5666,
        type: 3}
      propertyPath: m_LocalRotation.x
      value: 0
      objectReference: {fileID: 0}
    - target: {fileID: 1922466460386273110, guid: 4e8ebb82fa842e146b9c6cfd07fd5666,
        type: 3}
      propertyPath: m_LocalRotation.y
      value: 0
      objectReference: {fileID: 0}
    - target: {fileID: 1922466460386273110, guid: 4e8ebb82fa842e146b9c6cfd07fd5666,
        type: 3}
      propertyPath: m_LocalRotation.z
      value: 0
      objectReference: {fileID: 0}
    - target: {fileID: 1922466460386273110, guid: 4e8ebb82fa842e146b9c6cfd07fd5666,
        type: 3}
      propertyPath: m_LocalRotation.w
      value: 1
      objectReference: {fileID: 0}
    - target: {fileID: 1922466460386273110, guid: 4e8ebb82fa842e146b9c6cfd07fd5666,
        type: 3}
      propertyPath: m_RootOrder
      value: 6
      objectReference: {fileID: 0}
    - target: {fileID: 1922466460386273110, guid: 4e8ebb82fa842e146b9c6cfd07fd5666,
        type: 3}
      propertyPath: m_LocalEulerAnglesHint.x
      value: 0
      objectReference: {fileID: 0}
    - target: {fileID: 1922466460386273110, guid: 4e8ebb82fa842e146b9c6cfd07fd5666,
        type: 3}
      propertyPath: m_LocalEulerAnglesHint.y
      value: 0
      objectReference: {fileID: 0}
    - target: {fileID: 1922466460386273110, guid: 4e8ebb82fa842e146b9c6cfd07fd5666,
        type: 3}
      propertyPath: m_LocalEulerAnglesHint.z
      value: 0
      objectReference: {fileID: 0}
    - target: {fileID: 7501753316919828206, guid: 4e8ebb82fa842e146b9c6cfd07fd5666,
        type: 3}
      propertyPath: m_LocalPosition.z
      value: -6.16
      objectReference: {fileID: 0}
    m_RemovedComponents: []
  m_SourcePrefab: {fileID: 100100000, guid: 4e8ebb82fa842e146b9c6cfd07fd5666, type: 3}
--- !u!1 &916188709
GameObject:
  m_ObjectHideFlags: 0
  m_CorrespondingSourceObject: {fileID: 0}
  m_PrefabInstance: {fileID: 0}
  m_PrefabAsset: {fileID: 0}
  serializedVersion: 6
  m_Component:
  - component: {fileID: 916188712}
  - component: {fileID: 916188711}
  - component: {fileID: 916188710}
  m_Layer: 0
  m_Name: EventSystem
  m_TagString: Untagged
  m_Icon: {fileID: 0}
  m_NavMeshLayer: 0
  m_StaticEditorFlags: 0
  m_IsActive: 1
--- !u!114 &916188710
MonoBehaviour:
  m_ObjectHideFlags: 0
  m_CorrespondingSourceObject: {fileID: 0}
  m_PrefabInstance: {fileID: 0}
  m_PrefabAsset: {fileID: 0}
  m_GameObject: {fileID: 916188709}
  m_Enabled: 0
  m_EditorHideFlags: 0
  m_Script: {fileID: 1077351063, guid: f70555f144d8491a825f0804e09c671c, type: 3}
  m_Name: 
  m_EditorClassIdentifier: 
  m_HorizontalAxis: Horizontal
  m_VerticalAxis: Vertical
  m_SubmitButton: Submit
  m_CancelButton: Cancel
  m_InputActionsPerSecond: 10
  m_RepeatDelay: 0.5
  m_ForceModuleActive: 0
--- !u!114 &916188711
MonoBehaviour:
  m_ObjectHideFlags: 0
  m_CorrespondingSourceObject: {fileID: 0}
  m_PrefabInstance: {fileID: 0}
  m_PrefabAsset: {fileID: 0}
  m_GameObject: {fileID: 916188709}
  m_Enabled: 1
  m_EditorHideFlags: 0
  m_Script: {fileID: -619905303, guid: f70555f144d8491a825f0804e09c671c, type: 3}
  m_Name: 
  m_EditorClassIdentifier: 
  m_FirstSelected: {fileID: 0}
  m_sendNavigationEvents: 1
  m_DragThreshold: 10
--- !u!4 &916188712
Transform:
  m_ObjectHideFlags: 0
  m_CorrespondingSourceObject: {fileID: 0}
  m_PrefabInstance: {fileID: 0}
  m_PrefabAsset: {fileID: 0}
  m_GameObject: {fileID: 916188709}
  m_LocalRotation: {x: 0, y: 0, z: 0, w: 1}
  m_LocalPosition: {x: 0, y: 0, z: 0}
  m_LocalScale: {x: 1, y: 1, z: 1}
  m_Children: []
  m_Father: {fileID: 0}
  m_RootOrder: 2
  m_LocalEulerAnglesHint: {x: 0, y: 0, z: 0}
--- !u!4 &1040014128 stripped
Transform:
  m_CorrespondingSourceObject: {fileID: 6081841681288516567, guid: bb1301fcf39232240a4da917437922b3,
    type: 3}
  m_PrefabInstance: {fileID: 1905452974}
  m_PrefabAsset: {fileID: 0}
--- !u!1 &1222079187
GameObject:
  m_ObjectHideFlags: 0
  m_CorrespondingSourceObject: {fileID: 0}
  m_PrefabInstance: {fileID: 0}
  m_PrefabAsset: {fileID: 0}
  serializedVersion: 6
  m_Component:
  - component: {fileID: 1222079188}
  - component: {fileID: 1222079189}
  m_Layer: 5
  m_Name: Title
  m_TagString: Untagged
  m_Icon: {fileID: 0}
  m_NavMeshLayer: 0
  m_StaticEditorFlags: 0
  m_IsActive: 1
--- !u!224 &1222079188
RectTransform:
  m_ObjectHideFlags: 0
  m_CorrespondingSourceObject: {fileID: 0}
  m_PrefabInstance: {fileID: 0}
  m_PrefabAsset: {fileID: 0}
  m_GameObject: {fileID: 1222079187}
  m_LocalRotation: {x: 0, y: 0, z: 0, w: 1}
  m_LocalPosition: {x: 0, y: 0, z: -70.007}
  m_LocalScale: {x: 0.67172, y: 0.67172, z: 0.67172}
  m_Children:
  - {fileID: 901162045}
  m_Father: {fileID: 1464691944}
  m_RootOrder: 0
  m_LocalEulerAnglesHint: {x: 0, y: 0, z: 0}
  m_AnchorMin: {x: 0.5, y: 0.5}
  m_AnchorMax: {x: 0.5, y: 0.5}
  m_AnchoredPosition: {x: 0, y: 13.886}
  m_SizeDelta: {x: 100, y: 100}
  m_Pivot: {x: 0.5, y: 0.5}
--- !u!95 &1222079189
Animator:
  serializedVersion: 3
  m_ObjectHideFlags: 0
  m_CorrespondingSourceObject: {fileID: 0}
  m_PrefabInstance: {fileID: 0}
  m_PrefabAsset: {fileID: 0}
  m_GameObject: {fileID: 1222079187}
  m_Enabled: 0
  m_Avatar: {fileID: 0}
  m_Controller: {fileID: 9100000, guid: 5a54898a4a225544e92b548868b505d6, type: 2}
  m_CullingMode: 0
  m_UpdateMode: 0
  m_ApplyRootMotion: 0
  m_LinearVelocityBlending: 0
  m_WarningMessage: 
  m_HasTransformHierarchy: 1
  m_AllowConstantClipSamplingOptimization: 1
  m_KeepAnimatorControllerStateOnDisable: 0
--- !u!4 &1304305123 stripped
Transform:
  m_CorrespondingSourceObject: {fileID: 6081841681288516567, guid: debd26d38cd01bd409de5d7430a2fe99,
    type: 3}
  m_PrefabInstance: {fileID: 1881142685}
  m_PrefabAsset: {fileID: 0}
--- !u!1 &1327819346
GameObject:
  m_ObjectHideFlags: 0
  m_CorrespondingSourceObject: {fileID: 0}
  m_PrefabInstance: {fileID: 0}
  m_PrefabAsset: {fileID: 0}
  serializedVersion: 6
  m_Component:
  - component: {fileID: 1327819347}
  m_Layer: 0
  m_Name: ProjectileSpawner
  m_TagString: Untagged
  m_Icon: {fileID: 0}
  m_NavMeshLayer: 0
  m_StaticEditorFlags: 0
  m_IsActive: 1
--- !u!4 &1327819347
Transform:
  m_ObjectHideFlags: 0
  m_CorrespondingSourceObject: {fileID: 0}
  m_PrefabInstance: {fileID: 0}
  m_PrefabAsset: {fileID: 0}
  m_GameObject: {fileID: 1327819346}
  m_LocalRotation: {x: -0.9239236, y: 4.9843617e-17, z: -1.2037237e-16, w: -0.38257706}
  m_LocalPosition: {x: 0, y: 0, z: 0}
  m_LocalScale: {x: 0.01, y: 0.0100000035, z: 0.0100000035}
  m_Children: []
  m_Father: {fileID: 9025373352773075235}
  m_RootOrder: 2
  m_LocalEulerAnglesHint: {x: 0, y: 0, z: 0}
--- !u!1 &1464691943
GameObject:
  m_ObjectHideFlags: 0
  m_CorrespondingSourceObject: {fileID: 0}
  m_PrefabInstance: {fileID: 0}
  m_PrefabAsset: {fileID: 0}
  serializedVersion: 6
  m_Component:
  - component: {fileID: 1464691944}
  - component: {fileID: 1464691946}
  - component: {fileID: 1464691945}
  m_Layer: 5
  m_Name: Panel
  m_TagString: Untagged
  m_Icon: {fileID: 0}
  m_NavMeshLayer: 0
  m_StaticEditorFlags: 0
  m_IsActive: 1
--- !u!224 &1464691944
RectTransform:
  m_ObjectHideFlags: 0
  m_CorrespondingSourceObject: {fileID: 0}
  m_PrefabInstance: {fileID: 0}
  m_PrefabAsset: {fileID: 0}
  m_GameObject: {fileID: 1464691943}
  m_LocalRotation: {x: 0, y: 0, z: 0, w: 1}
  m_LocalPosition: {x: 0, y: 0, z: 252}
  m_LocalScale: {x: 1, y: 1, z: 1}
  m_Children:
  - {fileID: 1222079188}
  m_Father: {fileID: 1825752426}
  m_RootOrder: 0
  m_LocalEulerAnglesHint: {x: 0, y: 0, z: 0}
  m_AnchorMin: {x: 0.5, y: 0.5}
  m_AnchorMax: {x: 0.5, y: 0.5}
  m_AnchoredPosition: {x: 0, y: 206}
  m_SizeDelta: {x: 1439, y: 636}
  m_Pivot: {x: 0.5, y: 0.5}
--- !u!114 &1464691945
MonoBehaviour:
  m_ObjectHideFlags: 0
  m_CorrespondingSourceObject: {fileID: 0}
  m_PrefabInstance: {fileID: 0}
  m_PrefabAsset: {fileID: 0}
  m_GameObject: {fileID: 1464691943}
  m_Enabled: 0
  m_EditorHideFlags: 0
  m_Script: {fileID: -765806418, guid: f70555f144d8491a825f0804e09c671c, type: 3}
  m_Name: 
  m_EditorClassIdentifier: 
  m_Material: {fileID: 0}
  m_Color: {r: 1, g: 1, b: 1, a: 0.392}
  m_RaycastTarget: 1
  m_OnCullStateChanged:
    m_PersistentCalls:
      m_Calls: []
    m_TypeName: UnityEngine.UI.MaskableGraphic+CullStateChangedEvent, UnityEngine.UI,
      Version=1.0.0.0, Culture=neutral, PublicKeyToken=null
  m_Sprite: {fileID: 10907, guid: 0000000000000000f000000000000000, type: 0}
  m_Type: 1
  m_PreserveAspect: 0
  m_FillCenter: 1
  m_FillMethod: 4
  m_FillAmount: 1
  m_FillClockwise: 1
  m_FillOrigin: 0
  m_UseSpriteMesh: 0
--- !u!222 &1464691946
CanvasRenderer:
  m_ObjectHideFlags: 0
  m_CorrespondingSourceObject: {fileID: 0}
  m_PrefabInstance: {fileID: 0}
  m_PrefabAsset: {fileID: 0}
  m_GameObject: {fileID: 1464691943}
  m_CullTransparentMesh: 0
--- !u!1 &1596029590
GameObject:
  m_ObjectHideFlags: 0
  m_CorrespondingSourceObject: {fileID: 0}
  m_PrefabInstance: {fileID: 0}
  m_PrefabAsset: {fileID: 0}
  serializedVersion: 6
  m_Component:
  - component: {fileID: 1596029591}
  - component: {fileID: 1596029593}
  - component: {fileID: 1596029592}
  m_Layer: 5
  m_Name: FadePanel
  m_TagString: Untagged
  m_Icon: {fileID: 0}
  m_NavMeshLayer: 0
  m_StaticEditorFlags: 0
  m_IsActive: 0
--- !u!224 &1596029591
RectTransform:
  m_ObjectHideFlags: 0
  m_CorrespondingSourceObject: {fileID: 0}
  m_PrefabInstance: {fileID: 0}
  m_PrefabAsset: {fileID: 0}
  m_GameObject: {fileID: 1596029590}
  m_LocalRotation: {x: 0, y: 0, z: 0, w: 1}
  m_LocalPosition: {x: 0, y: 0, z: 0}
  m_LocalScale: {x: 1, y: 1, z: 1}
  m_Children: []
  m_Father: {fileID: 820329750}
  m_RootOrder: 0
  m_LocalEulerAnglesHint: {x: 0, y: 0, z: 0}
  m_AnchorMin: {x: 0, y: 0}
  m_AnchorMax: {x: 1, y: 1}
  m_AnchoredPosition: {x: 0, y: 0}
  m_SizeDelta: {x: 0, y: 0}
  m_Pivot: {x: 0.5, y: 0.5}
--- !u!114 &1596029592
MonoBehaviour:
  m_ObjectHideFlags: 0
  m_CorrespondingSourceObject: {fileID: 0}
  m_PrefabInstance: {fileID: 0}
  m_PrefabAsset: {fileID: 0}
  m_GameObject: {fileID: 1596029590}
  m_Enabled: 1
  m_EditorHideFlags: 0
  m_Script: {fileID: -765806418, guid: f70555f144d8491a825f0804e09c671c, type: 3}
  m_Name: 
  m_EditorClassIdentifier: 
  m_Material: {fileID: 0}
  m_Color: {r: 0, g: 0, b: 0, a: 1}
  m_RaycastTarget: 0
  m_OnCullStateChanged:
    m_PersistentCalls:
      m_Calls: []
    m_TypeName: UnityEngine.UI.MaskableGraphic+CullStateChangedEvent, UnityEngine.UI,
      Version=1.0.0.0, Culture=neutral, PublicKeyToken=null
  m_Sprite: {fileID: 10907, guid: 0000000000000000f000000000000000, type: 0}
  m_Type: 1
  m_PreserveAspect: 0
  m_FillCenter: 1
  m_FillMethod: 4
  m_FillAmount: 1
  m_FillClockwise: 1
  m_FillOrigin: 0
  m_UseSpriteMesh: 0
--- !u!222 &1596029593
CanvasRenderer:
  m_ObjectHideFlags: 0
  m_CorrespondingSourceObject: {fileID: 0}
  m_PrefabInstance: {fileID: 0}
  m_PrefabAsset: {fileID: 0}
  m_GameObject: {fileID: 1596029590}
  m_CullTransparentMesh: 0
--- !u!1001 &1597889968
PrefabInstance:
  m_ObjectHideFlags: 0
  serializedVersion: 2
  m_Modification:
    m_TransformParent: {fileID: 0}
    m_Modifications:
    - target: {fileID: 1545191860662910518, guid: bd8c0e12cc5c90d46a0b42d5bc34fba6,
        type: 3}
      propertyPath: m_Name
      value: XR Rig
      objectReference: {fileID: 0}
    - target: {fileID: 1545191860662910517, guid: bd8c0e12cc5c90d46a0b42d5bc34fba6,
        type: 3}
      propertyPath: m_LocalPosition.x
      value: 0
      objectReference: {fileID: 0}
    - target: {fileID: 1545191860662910517, guid: bd8c0e12cc5c90d46a0b42d5bc34fba6,
        type: 3}
      propertyPath: m_LocalPosition.y
      value: -0.279
      objectReference: {fileID: 0}
    - target: {fileID: 1545191860662910517, guid: bd8c0e12cc5c90d46a0b42d5bc34fba6,
        type: 3}
      propertyPath: m_LocalPosition.z
      value: -2.6949816
      objectReference: {fileID: 0}
    - target: {fileID: 1545191860662910517, guid: bd8c0e12cc5c90d46a0b42d5bc34fba6,
        type: 3}
      propertyPath: m_LocalRotation.x
      value: 0
      objectReference: {fileID: 0}
    - target: {fileID: 1545191860662910517, guid: bd8c0e12cc5c90d46a0b42d5bc34fba6,
        type: 3}
      propertyPath: m_LocalRotation.y
      value: 0
      objectReference: {fileID: 0}
    - target: {fileID: 1545191860662910517, guid: bd8c0e12cc5c90d46a0b42d5bc34fba6,
        type: 3}
      propertyPath: m_LocalRotation.z
      value: 0
      objectReference: {fileID: 0}
    - target: {fileID: 1545191860662910517, guid: bd8c0e12cc5c90d46a0b42d5bc34fba6,
        type: 3}
      propertyPath: m_LocalRotation.w
      value: 1
      objectReference: {fileID: 0}
    - target: {fileID: 1545191860662910517, guid: bd8c0e12cc5c90d46a0b42d5bc34fba6,
        type: 3}
      propertyPath: m_RootOrder
      value: 5
      objectReference: {fileID: 0}
    - target: {fileID: 1545191860662910517, guid: bd8c0e12cc5c90d46a0b42d5bc34fba6,
        type: 3}
      propertyPath: m_LocalEulerAnglesHint.x
      value: 0
      objectReference: {fileID: 0}
    - target: {fileID: 1545191860662910517, guid: bd8c0e12cc5c90d46a0b42d5bc34fba6,
        type: 3}
      propertyPath: m_LocalEulerAnglesHint.y
      value: 0
      objectReference: {fileID: 0}
    - target: {fileID: 1545191860662910517, guid: bd8c0e12cc5c90d46a0b42d5bc34fba6,
        type: 3}
      propertyPath: m_LocalEulerAnglesHint.z
      value: 0
      objectReference: {fileID: 0}
    - target: {fileID: 7055517031541206218, guid: bd8c0e12cc5c90d46a0b42d5bc34fba6,
        type: 3}
      propertyPath: m_havePropertiesChanged
      value: 1
      objectReference: {fileID: 0}
    - target: {fileID: 7055517031541206218, guid: bd8c0e12cc5c90d46a0b42d5bc34fba6,
        type: 3}
      propertyPath: m_isInputParsingRequired
      value: 1
      objectReference: {fileID: 0}
    - target: {fileID: 1552687721292366222, guid: bd8c0e12cc5c90d46a0b42d5bc34fba6,
        type: 3}
      propertyPath: m_LocalPosition.z
      value: 0
      objectReference: {fileID: 0}
    - target: {fileID: 7009162645034397392, guid: bd8c0e12cc5c90d46a0b42d5bc34fba6,
        type: 3}
      propertyPath: m_havePropertiesChanged
      value: 1
      objectReference: {fileID: 0}
    - target: {fileID: 7009162645034397392, guid: bd8c0e12cc5c90d46a0b42d5bc34fba6,
        type: 3}
      propertyPath: m_isInputParsingRequired
      value: 1
      objectReference: {fileID: 0}
    - target: {fileID: 1545191859771624904, guid: bd8c0e12cc5c90d46a0b42d5bc34fba6,
        type: 3}
      propertyPath: m_IsActive
      value: 1
      objectReference: {fileID: 0}
    m_RemovedComponents: []
  m_SourcePrefab: {fileID: 100100000, guid: bd8c0e12cc5c90d46a0b42d5bc34fba6, type: 3}
--- !u!1 &1716413383
GameObject:
  m_ObjectHideFlags: 0
  m_CorrespondingSourceObject: {fileID: 0}
  m_PrefabInstance: {fileID: 0}
  m_PrefabAsset: {fileID: 0}
  serializedVersion: 6
  m_Component:
  - component: {fileID: 1716413385}
  - component: {fileID: 1716413384}
  m_Layer: 0
  m_Name: Button
  m_TagString: Untagged
  m_Icon: {fileID: 0}
  m_NavMeshLayer: 0
  m_StaticEditorFlags: 0
  m_IsActive: 1
--- !u!95 &1716413384
Animator:
  serializedVersion: 3
  m_ObjectHideFlags: 0
  m_CorrespondingSourceObject: {fileID: 0}
  m_PrefabInstance: {fileID: 0}
  m_PrefabAsset: {fileID: 0}
  m_GameObject: {fileID: 1716413383}
  m_Enabled: 1
  m_Avatar: {fileID: 0}
  m_Controller: {fileID: 9100000, guid: 1368ff9e733d712499c859b2564d870d, type: 2}
  m_CullingMode: 0
  m_UpdateMode: 0
  m_ApplyRootMotion: 0
  m_LinearVelocityBlending: 0
  m_WarningMessage: 
  m_HasTransformHierarchy: 1
  m_AllowConstantClipSamplingOptimization: 1
  m_KeepAnimatorControllerStateOnDisable: 0
--- !u!4 &1716413385
Transform:
  m_ObjectHideFlags: 0
  m_CorrespondingSourceObject: {fileID: 0}
  m_PrefabInstance: {fileID: 0}
  m_PrefabAsset: {fileID: 0}
  m_GameObject: {fileID: 1716413383}
  m_LocalRotation: {x: 0, y: 0, z: 0, w: 1}
  m_LocalPosition: {x: -1.22, y: 1.043, z: -0.213}
  m_LocalScale: {x: 1, y: 1, z: 1}
  m_Children:
  - {fileID: 1304305123}
  - {fileID: 1040014128}
  m_Father: {fileID: 0}
  m_RootOrder: 9
  m_LocalEulerAnglesHint: {x: 0, y: 0, z: 0}
--- !u!1 &1825752422
GameObject:
  m_ObjectHideFlags: 0
  m_CorrespondingSourceObject: {fileID: 0}
  m_PrefabInstance: {fileID: 0}
  m_PrefabAsset: {fileID: 0}
  serializedVersion: 6
  m_Component:
  - component: {fileID: 1825752426}
  - component: {fileID: 1825752425}
  - component: {fileID: 1825752424}
  - component: {fileID: 1825752423}
  m_Layer: 5
  m_Name: InWorldCanvas
  m_TagString: Untagged
  m_Icon: {fileID: 0}
  m_NavMeshLayer: 0
  m_StaticEditorFlags: 0
  m_IsActive: 1
--- !u!114 &1825752423
MonoBehaviour:
  m_ObjectHideFlags: 0
  m_CorrespondingSourceObject: {fileID: 0}
  m_PrefabInstance: {fileID: 0}
  m_PrefabAsset: {fileID: 0}
  m_GameObject: {fileID: 1825752422}
  m_Enabled: 1
  m_EditorHideFlags: 0
  m_Script: {fileID: 1301386320, guid: f70555f144d8491a825f0804e09c671c, type: 3}
  m_Name: 
  m_EditorClassIdentifier: 
  m_IgnoreReversedGraphics: 1
  m_BlockingObjects: 0
  m_BlockingMask:
    serializedVersion: 2
    m_Bits: 4294967295
--- !u!114 &1825752424
MonoBehaviour:
  m_ObjectHideFlags: 0
  m_CorrespondingSourceObject: {fileID: 0}
  m_PrefabInstance: {fileID: 0}
  m_PrefabAsset: {fileID: 0}
  m_GameObject: {fileID: 1825752422}
  m_Enabled: 1
  m_EditorHideFlags: 0
  m_Script: {fileID: 1980459831, guid: f70555f144d8491a825f0804e09c671c, type: 3}
  m_Name: 
  m_EditorClassIdentifier: 
  m_UiScaleMode: 0
  m_ReferencePixelsPerUnit: 100
  m_ScaleFactor: 1
  m_ReferenceResolution: {x: 800, y: 600}
  m_ScreenMatchMode: 0
  m_MatchWidthOrHeight: 0
  m_PhysicalUnit: 3
  m_FallbackScreenDPI: 96
  m_DefaultSpriteDPI: 96
  m_DynamicPixelsPerUnit: 1
--- !u!223 &1825752425
Canvas:
  m_ObjectHideFlags: 0
  m_CorrespondingSourceObject: {fileID: 0}
  m_PrefabInstance: {fileID: 0}
  m_PrefabAsset: {fileID: 0}
  m_GameObject: {fileID: 1825752422}
  m_Enabled: 1
  serializedVersion: 3
  m_RenderMode: 2
  m_Camera: {fileID: 0}
  m_PlaneDistance: 100
  m_PixelPerfect: 0
  m_ReceivesEvents: 1
  m_OverrideSorting: 0
  m_OverridePixelPerfect: 0
  m_SortingBucketNormalizedSize: 0
  m_AdditionalShaderChannelsFlag: 0
  m_SortingLayerID: 0
  m_SortingOrder: 0
  m_TargetDisplay: 0
--- !u!224 &1825752426
RectTransform:
  m_ObjectHideFlags: 0
  m_CorrespondingSourceObject: {fileID: 0}
  m_PrefabInstance: {fileID: 0}
  m_PrefabAsset: {fileID: 0}
  m_GameObject: {fileID: 1825752422}
  m_LocalRotation: {x: 0, y: 0, z: 0, w: 1}
  m_LocalPosition: {x: 0, y: 0, z: 6.95}
  m_LocalScale: {x: 0.016514871, y: 0.016514871, z: 0.016514871}
  m_Children:
  - {fileID: 1464691944}
  m_Father: {fileID: 0}
  m_RootOrder: 7
  m_LocalEulerAnglesHint: {x: 0, y: 0, z: 0}
  m_AnchorMin: {x: 0, y: 0}
  m_AnchorMax: {x: 0, y: 0}
  m_AnchoredPosition: {x: 0, y: -0.95}
  m_SizeDelta: {x: 1439, y: 636}
  m_Pivot: {x: 0.5, y: 0.5}
--- !u!1001 &1881142685
PrefabInstance:
  m_ObjectHideFlags: 0
  serializedVersion: 2
  m_Modification:
    m_TransformParent: {fileID: 1716413385}
    m_Modifications:
    - target: {fileID: 6081841681288286199, guid: debd26d38cd01bd409de5d7430a2fe99,
        type: 3}
      propertyPath: m_Name
      value: Quit_GUI
      objectReference: {fileID: 0}
    - target: {fileID: 6081841681288286199, guid: debd26d38cd01bd409de5d7430a2fe99,
        type: 3}
      propertyPath: m_TagString
      value: QuitRock
      objectReference: {fileID: 0}
    - target: {fileID: 6081841681288286199, guid: debd26d38cd01bd409de5d7430a2fe99,
        type: 3}
      propertyPath: m_IsActive
      value: 0
      objectReference: {fileID: 0}
    - target: {fileID: 6081841681288516567, guid: debd26d38cd01bd409de5d7430a2fe99,
        type: 3}
      propertyPath: m_LocalPosition.x
      value: 0.60917693
      objectReference: {fileID: 0}
    - target: {fileID: 6081841681288516567, guid: debd26d38cd01bd409de5d7430a2fe99,
        type: 3}
      propertyPath: m_LocalPosition.y
      value: 0.61923206
      objectReference: {fileID: 0}
    - target: {fileID: 6081841681288516567, guid: debd26d38cd01bd409de5d7430a2fe99,
        type: 3}
      propertyPath: m_LocalPosition.z
      value: -0.13634181
      objectReference: {fileID: 0}
    - target: {fileID: 6081841681288516567, guid: debd26d38cd01bd409de5d7430a2fe99,
        type: 3}
      propertyPath: m_LocalRotation.x
      value: -0.011877471
      objectReference: {fileID: 0}
    - target: {fileID: 6081841681288516567, guid: debd26d38cd01bd409de5d7430a2fe99,
        type: 3}
      propertyPath: m_LocalRotation.y
      value: -0.37777102
      objectReference: {fileID: 0}
    - target: {fileID: 6081841681288516567, guid: debd26d38cd01bd409de5d7430a2fe99,
        type: 3}
      propertyPath: m_LocalRotation.z
      value: 0.08598601
      objectReference: {fileID: 0}
    - target: {fileID: 6081841681288516567, guid: debd26d38cd01bd409de5d7430a2fe99,
        type: 3}
      propertyPath: m_LocalRotation.w
      value: 0.92182124
      objectReference: {fileID: 0}
    - target: {fileID: 6081841681288516567, guid: debd26d38cd01bd409de5d7430a2fe99,
        type: 3}
      propertyPath: m_RootOrder
      value: 0
      objectReference: {fileID: 0}
    - target: {fileID: 6081841681288516567, guid: debd26d38cd01bd409de5d7430a2fe99,
        type: 3}
      propertyPath: m_LocalEulerAnglesHint.x
      value: 2.4680002
      objectReference: {fileID: 0}
    - target: {fileID: 6081841681288516567, guid: debd26d38cd01bd409de5d7430a2fe99,
        type: 3}
      propertyPath: m_LocalEulerAnglesHint.y
      value: -44.36
      objectReference: {fileID: 0}
    - target: {fileID: 6081841681288516567, guid: debd26d38cd01bd409de5d7430a2fe99,
        type: 3}
      propertyPath: m_LocalEulerAnglesHint.z
      value: 9.652
      objectReference: {fileID: 0}
    - target: {fileID: 6081841681288516567, guid: debd26d38cd01bd409de5d7430a2fe99,
        type: 3}
      propertyPath: m_LocalScale.x
      value: 0.17999998
      objectReference: {fileID: 0}
    - target: {fileID: 6081841681288516567, guid: debd26d38cd01bd409de5d7430a2fe99,
        type: 3}
      propertyPath: m_LocalScale.y
      value: 0.17999995
      objectReference: {fileID: 0}
    - target: {fileID: 6081841681288516567, guid: debd26d38cd01bd409de5d7430a2fe99,
        type: 3}
      propertyPath: m_LocalScale.z
      value: 0.18000002
      objectReference: {fileID: 0}
    - target: {fileID: 6413590161488340148, guid: debd26d38cd01bd409de5d7430a2fe99,
        type: 3}
      propertyPath: m_havePropertiesChanged
      value: 1
      objectReference: {fileID: 0}
    - target: {fileID: 6413590161488340148, guid: debd26d38cd01bd409de5d7430a2fe99,
        type: 3}
      propertyPath: m_isInputParsingRequired
      value: 1
      objectReference: {fileID: 0}
    - target: {fileID: 6413590161488340148, guid: debd26d38cd01bd409de5d7430a2fe99,
        type: 3}
      propertyPath: m_fontAsset
      value: 
      objectReference: {fileID: 11400000, guid: ea1aba1e65b0db3418bd9a55253312a0,
        type: 2}
    - target: {fileID: 6413590161488340148, guid: debd26d38cd01bd409de5d7430a2fe99,
        type: 3}
      propertyPath: m_sharedMaterial
      value: 
      objectReference: {fileID: 21945085083675582, guid: ea1aba1e65b0db3418bd9a55253312a0,
        type: 2}
    - target: {fileID: 6413590161488340148, guid: debd26d38cd01bd409de5d7430a2fe99,
        type: 3}
      propertyPath: m_fontStyle
      value: 2
      objectReference: {fileID: 0}
    - target: {fileID: 3698553925908292829, guid: debd26d38cd01bd409de5d7430a2fe99,
        type: 3}
      propertyPath: m_LocalRotation.x
      value: 0.04724253
      objectReference: {fileID: 0}
    - target: {fileID: 3698553925908292829, guid: debd26d38cd01bd409de5d7430a2fe99,
        type: 3}
      propertyPath: m_LocalRotation.y
      value: -0.023679297
      objectReference: {fileID: 0}
    - target: {fileID: 3698553925908292829, guid: debd26d38cd01bd409de5d7430a2fe99,
        type: 3}
      propertyPath: m_LocalRotation.z
      value: -0.10618925
      objectReference: {fileID: 0}
    - target: {fileID: 3698553925908292829, guid: debd26d38cd01bd409de5d7430a2fe99,
        type: 3}
      propertyPath: m_LocalRotation.w
      value: 0.9929407
      objectReference: {fileID: 0}
    - target: {fileID: 3698553925908292829, guid: debd26d38cd01bd409de5d7430a2fe99,
        type: 3}
      propertyPath: m_LocalPosition.z
      value: -0.000001192093
      objectReference: {fileID: 0}
    - target: {fileID: 3698553925908292829, guid: debd26d38cd01bd409de5d7430a2fe99,
        type: 3}
      propertyPath: m_LocalEulerAnglesHint.x
      value: 5.0940003
      objectReference: {fileID: 0}
    - target: {fileID: 3698553925908292829, guid: debd26d38cd01bd409de5d7430a2fe99,
        type: 3}
      propertyPath: m_LocalEulerAnglesHint.y
      value: -3.2840002
      objectReference: {fileID: 0}
    - target: {fileID: 3698553925908292829, guid: debd26d38cd01bd409de5d7430a2fe99,
        type: 3}
      propertyPath: m_LocalEulerAnglesHint.z
      value: -12.3550005
      objectReference: {fileID: 0}
    - target: {fileID: 3698553925908292829, guid: debd26d38cd01bd409de5d7430a2fe99,
        type: 3}
      propertyPath: m_AnchoredPosition.x
      value: 0.00000023841858
      objectReference: {fileID: 0}
    - target: {fileID: 3698553925908292829, guid: debd26d38cd01bd409de5d7430a2fe99,
        type: 3}
      propertyPath: m_AnchoredPosition.y
      value: -0.00000047683716
      objectReference: {fileID: 0}
    m_RemovedComponents: []
  m_SourcePrefab: {fileID: 100100000, guid: debd26d38cd01bd409de5d7430a2fe99, type: 3}
--- !u!1001 &1905452974
PrefabInstance:
  m_ObjectHideFlags: 0
  serializedVersion: 2
  m_Modification:
    m_TransformParent: {fileID: 1716413385}
    m_Modifications:
    - target: {fileID: 6081841681288286199, guid: bb1301fcf39232240a4da917437922b3,
        type: 3}
      propertyPath: m_Name
      value: NewGame_GUI
      objectReference: {fileID: 0}
    - target: {fileID: 6081841681288286199, guid: bb1301fcf39232240a4da917437922b3,
        type: 3}
      propertyPath: m_TagString
      value: NewGameRock
      objectReference: {fileID: 0}
    - target: {fileID: 6081841681288286199, guid: bb1301fcf39232240a4da917437922b3,
        type: 3}
      propertyPath: m_IsActive
      value: 0
      objectReference: {fileID: 0}
    - target: {fileID: 6081841681288516567, guid: bb1301fcf39232240a4da917437922b3,
        type: 3}
      propertyPath: m_LocalPosition.x
      value: -1.7915072
      objectReference: {fileID: 0}
    - target: {fileID: 6081841681288516567, guid: bb1301fcf39232240a4da917437922b3,
        type: 3}
      propertyPath: m_LocalPosition.y
      value: 0.5402249
      objectReference: {fileID: 0}
    - target: {fileID: 6081841681288516567, guid: bb1301fcf39232240a4da917437922b3,
        type: 3}
      propertyPath: m_LocalPosition.z
      value: -0.13634181
      objectReference: {fileID: 0}
    - target: {fileID: 6081841681288516567, guid: bb1301fcf39232240a4da917437922b3,
        type: 3}
      propertyPath: m_LocalRotation.x
      value: -0
      objectReference: {fileID: 0}
    - target: {fileID: 6081841681288516567, guid: bb1301fcf39232240a4da917437922b3,
        type: 3}
      propertyPath: m_LocalRotation.y
      value: 0.43953037
      objectReference: {fileID: 0}
    - target: {fileID: 6081841681288516567, guid: bb1301fcf39232240a4da917437922b3,
        type: 3}
      propertyPath: m_LocalRotation.z
      value: -0
      objectReference: {fileID: 0}
    - target: {fileID: 6081841681288516567, guid: bb1301fcf39232240a4da917437922b3,
        type: 3}
      propertyPath: m_LocalRotation.w
      value: 0.8982278
      objectReference: {fileID: 0}
    - target: {fileID: 6081841681288516567, guid: bb1301fcf39232240a4da917437922b3,
        type: 3}
      propertyPath: m_RootOrder
      value: 1
      objectReference: {fileID: 0}
    - target: {fileID: 6081841681288516567, guid: bb1301fcf39232240a4da917437922b3,
        type: 3}
      propertyPath: m_LocalEulerAnglesHint.x
      value: 0
      objectReference: {fileID: 0}
    - target: {fileID: 6081841681288516567, guid: bb1301fcf39232240a4da917437922b3,
        type: 3}
      propertyPath: m_LocalEulerAnglesHint.y
      value: 52.148003
      objectReference: {fileID: 0}
    - target: {fileID: 6081841681288516567, guid: bb1301fcf39232240a4da917437922b3,
        type: 3}
      propertyPath: m_LocalEulerAnglesHint.z
      value: 0
      objectReference: {fileID: 0}
    - target: {fileID: 6081841681288516567, guid: bb1301fcf39232240a4da917437922b3,
        type: 3}
      propertyPath: m_LocalScale.x
      value: 0.18
      objectReference: {fileID: 0}
    - target: {fileID: 6081841681288516567, guid: bb1301fcf39232240a4da917437922b3,
        type: 3}
      propertyPath: m_LocalScale.y
      value: 0.18
      objectReference: {fileID: 0}
    - target: {fileID: 6081841681288516567, guid: bb1301fcf39232240a4da917437922b3,
        type: 3}
      propertyPath: m_LocalScale.z
      value: 0.18
      objectReference: {fileID: 0}
    - target: {fileID: 8128437274508162000, guid: bb1301fcf39232240a4da917437922b3,
        type: 3}
      propertyPath: m_havePropertiesChanged
      value: 1
      objectReference: {fileID: 0}
    - target: {fileID: 8128437274508162000, guid: bb1301fcf39232240a4da917437922b3,
        type: 3}
      propertyPath: m_isInputParsingRequired
      value: 1
      objectReference: {fileID: 0}
    - target: {fileID: 8128437274508162000, guid: bb1301fcf39232240a4da917437922b3,
        type: 3}
      propertyPath: m_fontAsset
      value: 
      objectReference: {fileID: 11400000, guid: ea1aba1e65b0db3418bd9a55253312a0,
        type: 2}
    - target: {fileID: 8128437274508162000, guid: bb1301fcf39232240a4da917437922b3,
        type: 3}
      propertyPath: m_sharedMaterial
      value: 
      objectReference: {fileID: 21945085083675582, guid: ea1aba1e65b0db3418bd9a55253312a0,
        type: 2}
    - target: {fileID: 8128437274508162000, guid: bb1301fcf39232240a4da917437922b3,
        type: 3}
      propertyPath: m_fontStyle
      value: 2
      objectReference: {fileID: 0}
    - target: {fileID: 8128437274508162000, guid: bb1301fcf39232240a4da917437922b3,
        type: 3}
      propertyPath: m_text
      value: New Game
      objectReference: {fileID: 0}
    - target: {fileID: 8128437274508162000, guid: bb1301fcf39232240a4da917437922b3,
        type: 3}
      propertyPath: m_textInfo.characterCount
      value: 8
      objectReference: {fileID: 0}
    - target: {fileID: 8128437274508162000, guid: bb1301fcf39232240a4da917437922b3,
        type: 3}
      propertyPath: m_textInfo.spaceCount
      value: 1
      objectReference: {fileID: 0}
    - target: {fileID: 8128437274508162000, guid: bb1301fcf39232240a4da917437922b3,
        type: 3}
      propertyPath: m_textInfo.wordCount
      value: 2
      objectReference: {fileID: 0}
    - target: {fileID: 1875011041546202422, guid: bb1301fcf39232240a4da917437922b3,
        type: 3}
      propertyPath: m_AnchoredPosition.y
      value: 0
      objectReference: {fileID: 0}
    - target: {fileID: 1875011041546202422, guid: bb1301fcf39232240a4da917437922b3,
        type: 3}
      propertyPath: m_SizeDelta.y
      value: 0
      objectReference: {fileID: 0}
    m_RemovedComponents: []
  m_SourcePrefab: {fileID: 100100000, guid: bb1301fcf39232240a4da917437922b3, type: 3}
--- !u!1 &2065960286
GameObject:
  m_ObjectHideFlags: 0
  m_CorrespondingSourceObject: {fileID: 0}
  m_PrefabInstance: {fileID: 0}
  m_PrefabAsset: {fileID: 0}
  serializedVersion: 6
  m_Component:
  - component: {fileID: 2065960288}
  - component: {fileID: 2065960287}
  m_Layer: 0
  m_Name: Area Light
  m_TagString: Untagged
  m_Icon: {fileID: 0}
  m_NavMeshLayer: 0
  m_StaticEditorFlags: 0
  m_IsActive: 1
--- !u!108 &2065960287
Light:
  m_ObjectHideFlags: 0
  m_CorrespondingSourceObject: {fileID: 0}
  m_PrefabInstance: {fileID: 0}
  m_PrefabAsset: {fileID: 0}
  m_GameObject: {fileID: 2065960286}
  m_Enabled: 1
  serializedVersion: 8
  m_Type: 0
  m_Color: {r: 1, g: 0.09470569, b: 0, a: 1}
  m_Intensity: 257.53
  m_Range: 38.270508
  m_SpotAngle: 138.91377
  m_CookieSize: 10
  m_Shadows:
    m_Type: 0
    m_Resolution: -1
    m_CustomResolution: -1
    m_Strength: 1
    m_Bias: 0.02
    m_NormalBias: 0.1
    m_NearPlane: 0.1
  m_Cookie: {fileID: 0}
  m_DrawHalo: 0
  m_Flare: {fileID: 0}
  m_RenderMode: 0
  m_CullingMask:
    serializedVersion: 2
    m_Bits: 1024
  m_Lightmapping: 4
  m_LightShadowCasterMode: 0
  m_AreaSize: {x: 1, y: 1}
  m_BounceIntensity: 0
  m_ColorTemperature: 6570
  m_UseColorTemperature: 0
  m_ShadowRadius: 0
  m_ShadowAngle: 1
--- !u!4 &2065960288
Transform:
  m_ObjectHideFlags: 0
  m_CorrespondingSourceObject: {fileID: 0}
  m_PrefabInstance: {fileID: 0}
  m_PrefabAsset: {fileID: 0}
  m_GameObject: {fileID: 2065960286}
  m_LocalRotation: {x: 0.7071068, y: 0, z: 0, w: 0.7071068}
  m_LocalPosition: {x: 0, y: 3.36, z: -0}
  m_LocalScale: {x: 1, y: 1, z: 1}
  m_Children: []
  m_Father: {fileID: 0}
  m_RootOrder: 4
  m_LocalEulerAnglesHint: {x: 90, y: 0, z: 0}
--- !u!1 &2138677391
GameObject:
  m_ObjectHideFlags: 0
  m_CorrespondingSourceObject: {fileID: 0}
  m_PrefabInstance: {fileID: 0}
  m_PrefabAsset: {fileID: 0}
  serializedVersion: 6
  m_Component:
  - component: {fileID: 2138677393}
  - component: {fileID: 2138677392}
  m_Layer: 0
  m_Name: Directional Light
  m_TagString: Untagged
  m_Icon: {fileID: 0}
  m_NavMeshLayer: 0
  m_StaticEditorFlags: 0
  m_IsActive: 1
--- !u!108 &2138677392
Light:
  m_ObjectHideFlags: 0
  m_CorrespondingSourceObject: {fileID: 0}
  m_PrefabInstance: {fileID: 0}
  m_PrefabAsset: {fileID: 0}
  m_GameObject: {fileID: 2138677391}
  m_Enabled: 1
  serializedVersion: 8
  m_Type: 1
  m_Color: {r: 0.8937789, g: 0.9062939, b: 0.9716981, a: 1}
  m_Intensity: 2
  m_Range: 10
  m_SpotAngle: 30.000002
  m_CookieSize: 10
  m_Shadows:
    m_Type: 2
    m_Resolution: -1
    m_CustomResolution: -1
    m_Strength: 1
    m_Bias: 0.02
    m_NormalBias: 0.1
    m_NearPlane: 0.1
  m_Cookie: {fileID: 0}
  m_DrawHalo: 0
  m_Flare: {fileID: 0}
  m_RenderMode: 0
  m_CullingMask:
    serializedVersion: 2
    m_Bits: 4294967295
  m_Lightmapping: 2
  m_LightShadowCasterMode: 0
  m_AreaSize: {x: 1, y: 1}
  m_BounceIntensity: 1
  m_ColorTemperature: 6570
  m_UseColorTemperature: 0
  m_ShadowRadius: 0
  m_ShadowAngle: 1
--- !u!4 &2138677393
Transform:
  m_ObjectHideFlags: 0
  m_CorrespondingSourceObject: {fileID: 0}
  m_PrefabInstance: {fileID: 0}
  m_PrefabAsset: {fileID: 0}
  m_GameObject: {fileID: 2138677391}
  m_LocalRotation: {x: 0.8649331, y: 0.04355571, z: -0.25648928, w: 0.42919347}
  m_LocalPosition: {x: 2.18, y: 3, z: 6.38}
  m_LocalScale: {x: 1, y: 1, z: 1}
  m_Children: []
  m_Father: {fileID: 0}
  m_RootOrder: 0
  m_LocalEulerAnglesHint: {x: 130.112, y: 39.097, z: 12.98999}
--- !u!23 &2269891517831582211
MeshRenderer:
  m_ObjectHideFlags: 0
  m_CorrespondingSourceObject: {fileID: 0}
  m_PrefabInstance: {fileID: 0}
  m_PrefabAsset: {fileID: 0}
  m_GameObject: {fileID: 2269891517833579715}
  m_Enabled: 1
  m_CastShadows: 1
  m_ReceiveShadows: 1
  m_DynamicOccludee: 1
  m_MotionVectors: 1
  m_LightProbeUsage: 1
  m_ReflectionProbeUsage: 1
  m_RenderingLayerMask: 1
  m_RendererPriority: 0
  m_Materials:
  - {fileID: 2100000, guid: 602f05a987a0eb84da03cd79eb53a035, type: 2}
  m_StaticBatchInfo:
    firstSubMesh: 0
    subMeshCount: 0
  m_StaticBatchRoot: {fileID: 0}
  m_ProbeAnchor: {fileID: 0}
  m_LightProbeVolumeOverride: {fileID: 0}
  m_ScaleInLightmap: 1
  m_PreserveUVs: 0
  m_IgnoreNormalsForChartDetection: 0
  m_ImportantGI: 0
  m_StitchLightmapSeams: 0
  m_SelectedEditorRenderState: 3
  m_MinimumChartSize: 4
  m_AutoUVMaxDistance: 0.5
  m_AutoUVMaxAngle: 89
  m_LightmapParameters: {fileID: 0}
  m_SortingLayerID: 0
  m_SortingLayer: 0
  m_SortingOrder: 0
--- !u!33 &2269891517832712387
MeshFilter:
  m_ObjectHideFlags: 0
  m_CorrespondingSourceObject: {fileID: 0}
  m_PrefabInstance: {fileID: 0}
  m_PrefabAsset: {fileID: 0}
  m_GameObject: {fileID: 2269891517833579715}
  m_Mesh: {fileID: 4300000, guid: 35a824558d5975d4e94cd4d3d704e908, type: 3}
--- !u!4 &2269891517833482467
Transform:
  m_ObjectHideFlags: 0
  m_CorrespondingSourceObject: {fileID: 0}
  m_PrefabInstance: {fileID: 0}
  m_PrefabAsset: {fileID: 0}
  m_GameObject: {fileID: 2269891517833579715}
  m_LocalRotation: {x: -0.7071068, y: -0, z: -0, w: 0.7071067}
  m_LocalPosition: {x: 0, y: 0, z: 0}
  m_LocalScale: {x: 100, y: 99.99997, z: 99.99997}
  m_Children: []
  m_Father: {fileID: 9025373352773075245}
  m_RootOrder: 2
  m_LocalEulerAnglesHint: {x: 0, y: 0, z: 0}
--- !u!1 &2269891517833579715
GameObject:
  m_ObjectHideFlags: 0
  m_CorrespondingSourceObject: {fileID: 0}
  m_PrefabInstance: {fileID: 0}
  m_PrefabAsset: {fileID: 0}
  serializedVersion: 6
  m_Component:
  - component: {fileID: 2269891517833482467}
  - component: {fileID: 2269891517832712387}
  - component: {fileID: 2269891517831582211}
  m_Layer: 0
  m_Name: Gargoyle_Platform
  m_TagString: Untagged
  m_Icon: {fileID: 0}
  m_NavMeshLayer: 0
  m_StaticEditorFlags: 0
  m_IsActive: 1
--- !u!4 &9025373352773075203
Transform:
  m_ObjectHideFlags: 0
  m_CorrespondingSourceObject: {fileID: 0}
  m_PrefabInstance: {fileID: 0}
  m_PrefabAsset: {fileID: 0}
  m_GameObject: {fileID: 9025373352773508451}
  m_LocalRotation: {x: -0.56009054, y: -0.16564623, z: 0.74473375, w: -0.32284907}
  m_LocalPosition: {x: 1.8321505e-17, y: 0.010049877, z: 2.2351741e-10}
  m_LocalScale: {x: 1.0000001, y: 1, z: 1.0000001}
  m_Children:
  - {fileID: 9025373352773075209}
  m_Father: {fileID: 9025373352773075261}
  m_RootOrder: 1
  m_LocalEulerAnglesHint: {x: 0, y: 0, z: 0}
--- !u!4 &9025373352773075209
Transform:
  m_ObjectHideFlags: 0
  m_CorrespondingSourceObject: {fileID: 0}
  m_PrefabInstance: {fileID: 0}
  m_PrefabAsset: {fileID: 0}
  m_GameObject: {fileID: 9025373352773508457}
  m_LocalRotation: {x: 0.20534846, y: 0.03175282, z: -0.0245362, w: 0.97786593}
  m_LocalPosition: {x: 2.9802322e-10, y: 0.01024695, z: 2.6077032e-10}
  m_LocalScale: {x: 0.9999999, y: 1, z: 1.0000001}
  m_Children:
  - {fileID: 9025373352773075215}
  m_Father: {fileID: 9025373352773075203}
  m_RootOrder: 0
  m_LocalEulerAnglesHint: {x: 0, y: 0, z: 0}
--- !u!4 &9025373352773075211
Transform:
  m_ObjectHideFlags: 0
  m_CorrespondingSourceObject: {fileID: 0}
  m_PrefabInstance: {fileID: 0}
  m_PrefabAsset: {fileID: 0}
  m_GameObject: {fileID: 9025373352773508459}
  m_LocalRotation: {x: 0, y: -0, z: -0, w: 1}
  m_LocalPosition: {x: -0, y: 0.0058087967, z: 0}
  m_LocalScale: {x: 1, y: 1, z: 1}
  m_Children: []
  m_Father: {fileID: 9025373352773075253}
  m_RootOrder: 0
  m_LocalEulerAnglesHint: {x: 0, y: 0, z: 0}
--- !u!4 &9025373352773075213
Transform:
  m_ObjectHideFlags: 0
  m_CorrespondingSourceObject: {fileID: 0}
  m_PrefabInstance: {fileID: 0}
  m_PrefabAsset: {fileID: 0}
  m_GameObject: {fileID: 9025373352773508461}
  m_LocalRotation: {x: 0.6571332, y: -0.22171049, z: 0.65079165, w: 0.3090156}
  m_LocalPosition: {x: 1.8321505e-17, y: 0.010049877, z: 2.2351741e-10}
  m_LocalScale: {x: 1, y: 1, z: 1.0000001}
  m_Children:
  - {fileID: 9025373352773075253}
  m_Father: {fileID: 9025373352773075261}
  m_RootOrder: 0
  m_LocalEulerAnglesHint: {x: 0, y: 0, z: 0}
--- !u!4 &9025373352773075215
Transform:
  m_ObjectHideFlags: 0
  m_CorrespondingSourceObject: {fileID: 0}
  m_PrefabInstance: {fileID: 0}
  m_PrefabAsset: {fileID: 0}
  m_GameObject: {fileID: 9025373352773508463}
  m_LocalRotation: {x: 0, y: -0, z: -0, w: 1}
  m_LocalPosition: {x: -0, y: 0.006403125, z: 0}
  m_LocalScale: {x: 1, y: 1, z: 1}
  m_Children: []
  m_Father: {fileID: 9025373352773075209}
  m_RootOrder: 0
  m_LocalEulerAnglesHint: {x: 0, y: 0, z: 0}
--- !u!4 &9025373352773075233
Transform:
  m_ObjectHideFlags: 0
  m_CorrespondingSourceObject: {fileID: 0}
  m_PrefabInstance: {fileID: 0}
  m_PrefabAsset: {fileID: 0}
  m_GameObject: {fileID: 9025373352773508353}
  m_LocalRotation: {x: -0.25208622, y: -2.9129496e-17, z: -5.809736e-17, w: 0.9677048}
  m_LocalPosition: {x: 4.9630836e-26, y: 0.0051947352, z: 2.9802322e-10}
  m_LocalScale: {x: 1, y: 1, z: 1}
  m_Children:
  - {fileID: 9025373352773075239}
  m_Father: {fileID: 9025373352773075235}
  m_RootOrder: 0
  m_LocalEulerAnglesHint: {x: 0, y: 0, z: 0}
--- !u!4 &9025373352773075235
Transform:
  m_ObjectHideFlags: 0
  m_CorrespondingSourceObject: {fileID: 0}
  m_PrefabInstance: {fileID: 0}
  m_PrefabAsset: {fileID: 0}
  m_GameObject: {fileID: 9025373352773508355}
  m_LocalRotation: {x: -0.5943828, y: 1.1591712e-17, z: 4.03246e-17, w: 0.80418223}
  m_LocalPosition: {x: -2.0679514e-26, y: 0.0064061275, z: 1.8626451e-11}
  m_LocalScale: {x: 1, y: 1, z: 1}
  m_Children:
  - {fileID: 9025373352773075233}
  - {fileID: 9025373352773075237}
  - {fileID: 1327819347}
  m_Father: {fileID: 9025373352773075263}
  m_RootOrder: 0
  m_LocalEulerAnglesHint: {x: 0, y: 0, z: 0}
--- !u!4 &9025373352773075237
Transform:
  m_ObjectHideFlags: 0
  m_CorrespondingSourceObject: {fileID: 0}
  m_PrefabInstance: {fileID: 0}
  m_PrefabAsset: {fileID: 0}
  m_GameObject: {fileID: 9025373352773508357}
  m_LocalRotation: {x: 0.096071415, y: 7.813423e-18, z: 2.5787256e-17, w: 0.99537444}
  m_LocalPosition: {x: 4.9630836e-26, y: 0.0051947352, z: 2.9802322e-10}
  m_LocalScale: {x: 1, y: 0.9999999, z: 1}
  m_Children:
  - {fileID: 9025373352773075259}
  m_Father: {fileID: 9025373352773075235}
  m_RootOrder: 1
  m_LocalEulerAnglesHint: {x: 0, y: 0, z: 0}
--- !u!4 &9025373352773075239
Transform:
  m_ObjectHideFlags: 0
  m_CorrespondingSourceObject: {fileID: 0}
  m_PrefabInstance: {fileID: 0}
  m_PrefabAsset: {fileID: 0}
  m_GameObject: {fileID: 9025373352773508359}
  m_LocalRotation: {x: 0, y: -0, z: -0, w: 1}
  m_LocalPosition: {x: -0, y: 0.003062783, z: 0}
  m_LocalScale: {x: 1, y: 1, z: 1}
  m_Children: []
  m_Father: {fileID: 9025373352773075233}
  m_RootOrder: 0
  m_LocalEulerAnglesHint: {x: 0, y: 0, z: 0}
--- !u!4 &9025373352773075243
Transform:
  m_ObjectHideFlags: 0
  m_CorrespondingSourceObject: {fileID: 0}
  m_PrefabInstance: {fileID: 0}
  m_PrefabAsset: {fileID: 0}
  m_GameObject: {fileID: 9025373352773508363}
  m_LocalRotation: {x: 0.9659259, y: -7.850465e-17, z: 7.850463e-17, w: -0.25881892}
  m_LocalPosition: {x: -0, y: 2, z: -0.40000004}
  m_LocalScale: {x: 100, y: 100, z: 100}
  m_Children:
  - {fileID: 9025373352773075263}
  m_Father: {fileID: 9025373352773075245}
  m_RootOrder: 0
  m_LocalEulerAnglesHint: {x: 0, y: 0, z: 0}
--- !u!4 &9025373352773075245
Transform:
  m_ObjectHideFlags: 0
  m_CorrespondingSourceObject: {fileID: 0}
  m_PrefabInstance: {fileID: 0}
  m_PrefabAsset: {fileID: 0}
  m_GameObject: {fileID: 9025373352773508365}
  m_LocalRotation: {x: -0, y: -0.023813425, z: -0, w: 0.99971646}
  m_LocalPosition: {x: -0.009237355, y: -1, z: 13.998407}
  m_LocalScale: {x: 1.3148, y: 1.3148, z: 1.3148}
  m_Children:
  - {fileID: 9025373352773075243}
  - {fileID: 9025373352773075247}
  - {fileID: 2269891517833482467}
  m_Father: {fileID: 0}
  m_RootOrder: 1
  m_LocalEulerAnglesHint: {x: 0, y: -2.729, z: 0}
--- !u!4 &9025373352773075247
Transform:
  m_ObjectHideFlags: 0
  m_CorrespondingSourceObject: {fileID: 0}
  m_PrefabInstance: {fileID: 0}
  m_PrefabAsset: {fileID: 0}
  m_GameObject: {fileID: 9025373352773508367}
  m_LocalRotation: {x: 0.00000010430814, y: 4.9630837e-24, z: -1.9721523e-31, w: 1}
  m_LocalPosition: {x: -5.293956e-23, y: 0.000000059604645, z: 0}
  m_LocalScale: {x: 100, y: 99.999985, z: 100}
  m_Children: []
  m_Father: {fileID: 9025373352773075245}
  m_RootOrder: 1
  m_LocalEulerAnglesHint: {x: 0, y: 0, z: 0}
--- !u!4 &9025373352773075253
Transform:
  m_ObjectHideFlags: 0
  m_CorrespondingSourceObject: {fileID: 0}
  m_PrefabInstance: {fileID: 0}
  m_PrefabAsset: {fileID: 0}
  m_GameObject: {fileID: 9025373352773508373}
  m_LocalRotation: {x: 0.11646072, y: 0.11919228, z: -0.00791171, w: 0.9859856}
  m_LocalPosition: {x: -0, y: 0.009611976, z: -1.862645e-10}
  m_LocalScale: {x: 1, y: 1, z: 1}
  m_Children:
  - {fileID: 9025373352773075211}
  m_Father: {fileID: 9025373352773075213}
  m_RootOrder: 0
  m_LocalEulerAnglesHint: {x: 0, y: 0, z: 0}
--- !u!4 &9025373352773075259
Transform:
  m_ObjectHideFlags: 0
  m_CorrespondingSourceObject: {fileID: 0}
  m_PrefabInstance: {fileID: 0}
  m_PrefabAsset: {fileID: 0}
  m_GameObject: {fileID: 9025373352773508379}
  m_LocalRotation: {x: 0, y: -0, z: -0, w: 1}
  m_LocalPosition: {x: -0, y: 0.0029019641, z: 0}
  m_LocalScale: {x: 1, y: 1, z: 1}
  m_Children: []
  m_Father: {fileID: 9025373352773075237}
  m_RootOrder: 0
  m_LocalEulerAnglesHint: {x: 0, y: 0, z: 0}
--- !u!4 &9025373352773075261
Transform:
  m_ObjectHideFlags: 0
  m_CorrespondingSourceObject: {fileID: 0}
  m_PrefabInstance: {fileID: 0}
  m_PrefabAsset: {fileID: 0}
  m_GameObject: {fileID: 9025373352773508381}
  m_LocalRotation: {x: -0.00000009423668, y: 0.19263767, z: 0.98126996, w: -0.000000117199676}
  m_LocalPosition: {x: -2.0679514e-26, y: 0.0064061275, z: 1.8626451e-11}
  m_LocalScale: {x: 1, y: 1, z: 1.0000001}
  m_Children:
  - {fileID: 9025373352773075213}
  - {fileID: 9025373352773075203}
  m_Father: {fileID: 9025373352773075263}
  m_RootOrder: 1
  m_LocalEulerAnglesHint: {x: 0, y: 0, z: 0}
--- !u!4 &9025373352773075263
Transform:
  m_ObjectHideFlags: 0
  m_CorrespondingSourceObject: {fileID: 0}
  m_PrefabInstance: {fileID: 0}
  m_PrefabAsset: {fileID: 0}
  m_GameObject: {fileID: 9025373352773508383}
  m_LocalRotation: {x: 0.69418186, y: -9.515928e-24, z: -7.78182e-17, w: 0.71979964}
  m_LocalPosition: {x: -0, y: 0, z: 0}
  m_LocalScale: {x: 1, y: 0.99999994, z: 0.99999994}
  m_Children:
  - {fileID: 9025373352773075235}
  - {fileID: 9025373352773075261}
  m_Father: {fileID: 9025373352773075243}
  m_RootOrder: 0
  m_LocalEulerAnglesHint: {x: 0, y: 0, z: 0}
--- !u!1 &9025373352773508353
GameObject:
  m_ObjectHideFlags: 0
  m_CorrespondingSourceObject: {fileID: 0}
  m_PrefabInstance: {fileID: 0}
  m_PrefabAsset: {fileID: 0}
  serializedVersion: 6
  m_Component:
  - component: {fileID: 9025373352773075233}
  m_Layer: 0
  m_Name: Jaw_Lower
  m_TagString: Untagged
  m_Icon: {fileID: 0}
  m_NavMeshLayer: 0
  m_StaticEditorFlags: 0
  m_IsActive: 1
--- !u!1 &9025373352773508355
GameObject:
  m_ObjectHideFlags: 0
  m_CorrespondingSourceObject: {fileID: 0}
  m_PrefabInstance: {fileID: 0}
  m_PrefabAsset: {fileID: 0}
  serializedVersion: 6
  m_Component:
  - component: {fileID: 9025373352773075235}
  m_Layer: 0
  m_Name: Head
  m_TagString: Untagged
  m_Icon: {fileID: 0}
  m_NavMeshLayer: 0
  m_StaticEditorFlags: 0
  m_IsActive: 1
--- !u!1 &9025373352773508357
GameObject:
  m_ObjectHideFlags: 0
  m_CorrespondingSourceObject: {fileID: 0}
  m_PrefabInstance: {fileID: 0}
  m_PrefabAsset: {fileID: 0}
  serializedVersion: 6
  m_Component:
  - component: {fileID: 9025373352773075237}
  m_Layer: 0
  m_Name: Jaw_Upper
  m_TagString: Untagged
  m_Icon: {fileID: 0}
  m_NavMeshLayer: 0
  m_StaticEditorFlags: 0
  m_IsActive: 1
--- !u!1 &9025373352773508359
GameObject:
  m_ObjectHideFlags: 0
  m_CorrespondingSourceObject: {fileID: 0}
  m_PrefabInstance: {fileID: 0}
  m_PrefabAsset: {fileID: 0}
  serializedVersion: 6
  m_Component:
  - component: {fileID: 9025373352773075239}
  m_Layer: 0
  m_Name: Jaw_Lower_end
  m_TagString: Untagged
  m_Icon: {fileID: 0}
  m_NavMeshLayer: 0
  m_StaticEditorFlags: 0
  m_IsActive: 1
--- !u!1 &9025373352773508363
GameObject:
  m_ObjectHideFlags: 0
  m_CorrespondingSourceObject: {fileID: 0}
  m_PrefabInstance: {fileID: 0}
  m_PrefabAsset: {fileID: 0}
  serializedVersion: 6
  m_Component:
  - component: {fileID: 9025373352773075243}
  m_Layer: 0
  m_Name: Armature
  m_TagString: Untagged
  m_Icon: {fileID: 0}
  m_NavMeshLayer: 0
  m_StaticEditorFlags: 0
  m_IsActive: 1
--- !u!1 &9025373352773508365
GameObject:
  m_ObjectHideFlags: 0
  m_CorrespondingSourceObject: {fileID: 0}
  m_PrefabInstance: {fileID: 0}
  m_PrefabAsset: {fileID: 0}
  serializedVersion: 6
  m_Component:
  - component: {fileID: 9025373352773075245}
  - component: {fileID: 9025373352780771019}
  m_Layer: 0
  m_Name: Gargoyle
  m_TagString: Untagged
  m_Icon: {fileID: 0}
  m_NavMeshLayer: 0
  m_StaticEditorFlags: 0
  m_IsActive: 1
--- !u!1 &9025373352773508367
GameObject:
  m_ObjectHideFlags: 0
  m_CorrespondingSourceObject: {fileID: 0}
  m_PrefabInstance: {fileID: 0}
  m_PrefabAsset: {fileID: 0}
  serializedVersion: 6
  m_Component:
  - component: {fileID: 9025373352773075247}
  - component: {fileID: 9025373352776683531}
  m_Layer: 0
  m_Name: FelineGargoyle_Mesh
  m_TagString: Untagged
  m_Icon: {fileID: 0}
  m_NavMeshLayer: 0
  m_StaticEditorFlags: 0
  m_IsActive: 1
--- !u!1 &9025373352773508373
GameObject:
  m_ObjectHideFlags: 0
  m_CorrespondingSourceObject: {fileID: 0}
  m_PrefabInstance: {fileID: 0}
  m_PrefabAsset: {fileID: 0}
  serializedVersion: 6
  m_Component:
  - component: {fileID: 9025373352773075253}
  m_Layer: 0
  m_Name: UselessWing_Left
  m_TagString: Untagged
  m_Icon: {fileID: 0}
  m_NavMeshLayer: 0
  m_StaticEditorFlags: 0
  m_IsActive: 1
--- !u!1 &9025373352773508379
GameObject:
  m_ObjectHideFlags: 0
  m_CorrespondingSourceObject: {fileID: 0}
  m_PrefabInstance: {fileID: 0}
  m_PrefabAsset: {fileID: 0}
  serializedVersion: 6
  m_Component:
  - component: {fileID: 9025373352773075259}
  m_Layer: 0
  m_Name: Jaw_Upper_end
  m_TagString: Untagged
  m_Icon: {fileID: 0}
  m_NavMeshLayer: 0
  m_StaticEditorFlags: 0
  m_IsActive: 1
--- !u!1 &9025373352773508381
GameObject:
  m_ObjectHideFlags: 0
  m_CorrespondingSourceObject: {fileID: 0}
  m_PrefabInstance: {fileID: 0}
  m_PrefabAsset: {fileID: 0}
  serializedVersion: 6
  m_Component:
  - component: {fileID: 9025373352773075261}
  m_Layer: 0
  m_Name: Spine
  m_TagString: Untagged
  m_Icon: {fileID: 0}
  m_NavMeshLayer: 0
  m_StaticEditorFlags: 0
  m_IsActive: 1
--- !u!1 &9025373352773508383
GameObject:
  m_ObjectHideFlags: 0
  m_CorrespondingSourceObject: {fileID: 0}
  m_PrefabInstance: {fileID: 0}
  m_PrefabAsset: {fileID: 0}
  serializedVersion: 6
  m_Component:
  - component: {fileID: 9025373352773075263}
  m_Layer: 0
  m_Name: Root
  m_TagString: Untagged
  m_Icon: {fileID: 0}
  m_NavMeshLayer: 0
  m_StaticEditorFlags: 0
  m_IsActive: 1
--- !u!1 &9025373352773508451
GameObject:
  m_ObjectHideFlags: 0
  m_CorrespondingSourceObject: {fileID: 0}
  m_PrefabInstance: {fileID: 0}
  m_PrefabAsset: {fileID: 0}
  serializedVersion: 6
  m_Component:
  - component: {fileID: 9025373352773075203}
  m_Layer: 0
  m_Name: Wing_Right
  m_TagString: Untagged
  m_Icon: {fileID: 0}
  m_NavMeshLayer: 0
  m_StaticEditorFlags: 0
  m_IsActive: 1
--- !u!1 &9025373352773508457
GameObject:
  m_ObjectHideFlags: 0
  m_CorrespondingSourceObject: {fileID: 0}
  m_PrefabInstance: {fileID: 0}
  m_PrefabAsset: {fileID: 0}
  serializedVersion: 6
  m_Component:
  - component: {fileID: 9025373352773075209}
  m_Layer: 0
  m_Name: UselessWing_Right
  m_TagString: Untagged
  m_Icon: {fileID: 0}
  m_NavMeshLayer: 0
  m_StaticEditorFlags: 0
  m_IsActive: 1
--- !u!1 &9025373352773508459
GameObject:
  m_ObjectHideFlags: 0
  m_CorrespondingSourceObject: {fileID: 0}
  m_PrefabInstance: {fileID: 0}
  m_PrefabAsset: {fileID: 0}
  serializedVersion: 6
  m_Component:
  - component: {fileID: 9025373352773075211}
  m_Layer: 0
  m_Name: UselessWing_Left_end
  m_TagString: Untagged
  m_Icon: {fileID: 0}
  m_NavMeshLayer: 0
  m_StaticEditorFlags: 0
  m_IsActive: 1
--- !u!1 &9025373352773508461
GameObject:
  m_ObjectHideFlags: 0
  m_CorrespondingSourceObject: {fileID: 0}
  m_PrefabInstance: {fileID: 0}
  m_PrefabAsset: {fileID: 0}
  serializedVersion: 6
  m_Component:
  - component: {fileID: 9025373352773075213}
  m_Layer: 0
  m_Name: Wing_Left
  m_TagString: Untagged
  m_Icon: {fileID: 0}
  m_NavMeshLayer: 0
  m_StaticEditorFlags: 0
  m_IsActive: 1
--- !u!1 &9025373352773508463
GameObject:
  m_ObjectHideFlags: 0
  m_CorrespondingSourceObject: {fileID: 0}
  m_PrefabInstance: {fileID: 0}
  m_PrefabAsset: {fileID: 0}
  serializedVersion: 6
  m_Component:
  - component: {fileID: 9025373352773075215}
  m_Layer: 0
  m_Name: UselessWing_Right_end
  m_TagString: Untagged
  m_Icon: {fileID: 0}
  m_NavMeshLayer: 0
  m_StaticEditorFlags: 0
  m_IsActive: 1
--- !u!137 &9025373352776683531
SkinnedMeshRenderer:
  m_ObjectHideFlags: 0
  m_CorrespondingSourceObject: {fileID: 0}
  m_PrefabInstance: {fileID: 0}
  m_PrefabAsset: {fileID: 0}
  m_GameObject: {fileID: 9025373352773508367}
  m_Enabled: 1
  m_CastShadows: 1
  m_ReceiveShadows: 1
  m_DynamicOccludee: 1
  m_MotionVectors: 1
  m_LightProbeUsage: 1
  m_ReflectionProbeUsage: 1
  m_RenderingLayerMask: 1
  m_RendererPriority: 0
  m_Materials:
  - {fileID: 2100000, guid: 602f05a987a0eb84da03cd79eb53a035, type: 2}
  - {fileID: 2100000, guid: 201927c0d0598804380d2e9f1600a57d, type: 2}
  - {fileID: 2100000, guid: 586d41aea3b526340af6103513602b9e, type: 2}
  m_StaticBatchInfo:
    firstSubMesh: 0
    subMeshCount: 0
  m_StaticBatchRoot: {fileID: 0}
  m_ProbeAnchor: {fileID: 0}
  m_LightProbeVolumeOverride: {fileID: 0}
  m_ScaleInLightmap: 1
  m_PreserveUVs: 0
  m_IgnoreNormalsForChartDetection: 0
  m_ImportantGI: 0
  m_StitchLightmapSeams: 0
  m_SelectedEditorRenderState: 3
  m_MinimumChartSize: 4
  m_AutoUVMaxDistance: 0.5
  m_AutoUVMaxAngle: 89
  m_LightmapParameters: {fileID: 0}
  m_SortingLayerID: 0
  m_SortingLayer: 0
  m_SortingOrder: 0
  serializedVersion: 2
  m_Quality: 0
  m_UpdateWhenOffscreen: 0
  m_SkinnedMotionVectors: 1
  m_Mesh: {fileID: 4300000, guid: c75e2aedb852dad49a97cc29e8a2162b, type: 3}
  m_Bones:
  - {fileID: 9025373352773075263}
  - {fileID: 9025373352773075235}
  - {fileID: 9025373352773075237}
  - {fileID: 9025373352773075233}
  - {fileID: 9025373352773075261}
  - {fileID: 9025373352773075213}
  - {fileID: 9025373352773075253}
  - {fileID: 9025373352773075203}
  - {fileID: 9025373352773075209}
  m_BlendShapeWeights: []
  m_RootBone: {fileID: 9025373352773075263}
  m_AABB:
    m_Center: {x: -0.00014924817, y: -0.006302871, z: -0.00015484542}
    m_Extent: {x: 0.023830477, y: 0.024317801, z: 0.02100448}
  m_DirtyAABB: 0
--- !u!95 &9025373352780771019
Animator:
  serializedVersion: 3
  m_ObjectHideFlags: 0
  m_CorrespondingSourceObject: {fileID: 0}
  m_PrefabInstance: {fileID: 0}
  m_PrefabAsset: {fileID: 0}
  m_GameObject: {fileID: 9025373352773508365}
  m_Enabled: 0
  m_Avatar: {fileID: 9000000, guid: c75e2aedb852dad49a97cc29e8a2162b, type: 3}
  m_Controller: {fileID: 9100000, guid: 1023a956dbb84d643b87a93f9204b920, type: 2}
  m_CullingMode: 1
  m_UpdateMode: 0
  m_ApplyRootMotion: 0
  m_LinearVelocityBlending: 0
  m_WarningMessage: 
  m_HasTransformHierarchy: 1
  m_AllowConstantClipSamplingOptimization: 1
  m_KeepAnimatorControllerStateOnDisable: 0
